3125 5009
1011 366 1452 419 AN'mMAcnr
1495 370 1700 420 vrrA.
2316 354 2409 423 25

301 527 498 593 quam
556 509 776 574 multis
828 514 1208 603 magnisque
1263 517 1761 585 difficultatibus
1822 520 2129 608 impedita
2189 523 2293 603 sit,
2350 534 2414 588 et

299 612 687 697 cyclicowm
726 624 1060 703 poetarum
1095 621 1351 685 nomina
1386 632 1450 686 et
1492 644 1681 710 opera
1718 624 1951 710 partim
1993 625 2415 691 incertissima

297 712 658 781 habeantur
675 742 692 797 3
740 719 912 784 fuere
945 722 1152 807 plures
1184 733 1397 789 tamen
1428 725 1603 814 iique
1634 726 1987 792 doctissimi
2027 728 2160 807 viri,
2192 728 2304 816 qui
2328 750 2409 794 ex

299 815 548 882 illorum
593 842 855 887 numero
903 834 1190 891 nostrum
1249 829 1551 894 audacter
1594 830 2069 895 excluderent.*
2162 830 2409 896 Horum

300 920 598 1003 rationes,
638 926 943 1012 quoniam
982 929 1118 1015 ipse
1162 952 1385 1016 parum
1416 933 1562 997 novi
1594 931 1816 997 afferre
1850 954 2132 1019 possum,
2166 934 2413 998 tutissi-

299 1044 478 1087 mum
525 1026 644 1091 erit
685 1030 887 1117 sequi.
980 1030 1155 1097 Inter
1197 1033 1312 1098 has
1357 1034 1558 1121 prima
1601 1035 1739 1099 haec
1768 1044 1890 1116 est,
1924 1036 2100 1123 quod
2134 1036 2215 1099 ab
2246 1037 2411 1101 anti-

297 1125 444 1211 quis
469 1129 708 1214 passim
745 1129 1007 1197 Thebais
1030 1134 1167 1199 sine
1193 1138 1448 1202 nomine
1474 1138 1754 1202 auctoris
1778 1146 2185 1216 memoratur,
2210 1160 2407 1225 quam

295 1230 613 1317 cyclicum,
662 1234 726 1299 h.
759 1258 815 1300 e.
848 1237 1028 1324 epico
1059 1241 1240 1326 cyclo
1282 1242 1827 1328 comprehensam,
1872 1242 2219 1329 appellant,
2259 1263 2409 1306 cum

299 1333 806 1418 Antimacheam,
828 1338 1196 1427 ubicunque
1215 1342 1503 1420 laudant,
1527 1343 1734 1430 posito
1752 1352 1959 1429 poetae
1978 1365 2111 1407 non
2137 1341 2410 1408 obscuro

299 1436 555 1501 nomine
608 1438 968 1527 designent.
1070 1442 1192 1523 Ita,
1251 1443 1423 1530 quod
1485 1445 1803 1531 sagaciter
1849 1446 1987 1531 jam
2053 1444 2409 1509 Salmasius

299 1535 674 1618 observavit,
719 1541 1073 1608 Athenaeus
1109 1544 1331 1609 eodem
1372 1544 1436 1608 in
1479 1543 1661 1624 libro,
1704 1545 1814 1609 ubi
1856 1554 2087 1634 quater
2116 1544 2409 1610 Antima-

299 1636 476 1703 cheae
522 1640 870 1709 Thebaidis
929 1646 1315 1712 mentionem
1369 1646 1544 1727 facit,
1602 1647 1796 1711 semel
1854 1646 2041 1712 affert
2098 1647 2406 1734 cyclicam

296 1737 705 1824 Thebaidem,
746 1746 922 1813 nullo
963 1749 1238 1814 auctoris
1268 1749 1522 1815 nomine
1540 1754 1608 1827 ;†
1653 1749 1829 1835 quod
1860 1750 2229 1836 scriptorem
2260 1750 2412 1812 doc-

301 1851 439 1906 tum
470 1843 694 1911 fecisse
718 1869 846 1913 non
869 1849 1172 1915 credibile
1192 1859 1312 1930 est,
1333 1850 1389 1915 si
1413 1872 1669 1915 carmen
1696 1850 2013 1937 posterius
2036 1849 2408 1914 Antimachi

301 1944 476 2011 labor
499 1948 792 2036 fuisset.‡
872 1950 997 2017 Sed
1025 1952 1459 2019 diversitatem
1490 1952 1847 2018 carminum
1872 1952 2099 2017 horum
2125 1952 2224 2016 vel
2250 1952 2411 2017 ratio

213 2270 220 2277 -
300 2230 471 2290 etiam
514 2250 696 2309 nuper
722 2229 888 2289 multi
917 2230 1202 2307 cyclicum
1221 2238 1460 2306 poetam
1495 2228 1743 2300 Horatii,
1782 2227 2197 2286 Antimachum
2240 2226 2408 2284 intel-

303 2324 587 2382 lexerunt.
670 2322 767 2383 Of.
803 2320 1234 2398 Elegantissimi
1256 2320 1548 2381 Wielandi
1579 2320 1820 2381 version.
1856 2320 1995 2379 Hor.
2016 2320 2168 2399 Epp.
2192 2327 2411 2383 teuton.

299 2436 357 2495 p.
388 2418 529 2475 212.
552 2426 596 2475 t.
634 2415 708 2473 II.

385 2509 417 2542 *⁵
465 2506 555 2567 De
582 2506 746 2584 cyclo
775 2506 939 2585 epico
969 2505 1230 2565 universe
1271 2513 1534 2583 egerunt,
1575 2502 1849 2581 singulari
1881 2503 2076 2562 libello
2107 2503 2410 2573 Schwarz,

306 2598 406 2677 qui
433 2596 579 2657 inter
608 2598 732 2677 ejus
767 2598 1096 2657 Dissertatt.
1129 2595 1330 2656 select.
1365 2596 1439 2654 ab
1471 2594 1561 2655 Ill.
1596 2594 1860 2655 Harlesio
1890 2595 2079 2654 editas
2119 2603 2310 2653 exstat
2347 2614 2407 2672 p.

308 2694 404 2750 33.
435 2711 581 2769 sqq„
612 2700 786 2769 atque
815 2691 1110 2767 Heynius,
1139 2690 1246 2747 Vir
1274 2689 1571 2758 Summus,
1605 2686 1678 2745 ad
1704 2686 1912 2765 Virgil.
1942 2685 2012 2744 T.
2050 2687 2127 2745 11.
2161 2707 2220 2766 p.
2252 2688 2409 2758 220„

304 2783 404 2862 qui
427 2785 640 2862 priores
666 2782 776 2841 hac
804 2782 878 2840 de
901 2800 959 2840 re
977 2791 1240 2840 auctores
1257 2798 1492 2859 quoque
1522 2778 1785 2837 laudant.
1874 2778 2097 2838 Horum
2123 2777 2409 2856 princeps,

305 2874 622 2937 Salmasius
649 2875 724 2936 ad
763 2874 948 2934 Solin.
983 2894 1037 2951 p.
1064 2876 1206 2933 595.
1238 2872 1316 2931 G.
1345 2880 1404 2931 et
1428 2891 1486 2950 p.
1525 2872 1666 2931 598.
1706 2870 1777 2929 B.
1806 2869 1958 2948 jam,
1998 2868 2411 2927 Antimachum

307 2968 458 3029 male
495 2967 730 3049 cyclicis
765 2966 1075 3037 accenseri,
1106 2965 1338 3033 docuit:
1384 2983 1633 3042 eumque
1677 2971 1957 3039 sequutus
2000 2969 2087 3020 est
2125 2960 2410 3019 Valcken.

308 3062 380 3123 ad
415 3061 613 3140 Eurip.
649 3061 854 3120 Phoen.
879 3080 936 3139 p.
967 3062 1067 3117 25.

390 3164 426 3225 †
473 3155 580 3214 XI.
613 3174 670 3233 p.
701 3156 838 3214 465.
869 3153 935 3212 F.

388 3257 412 3320 1
457 3247 712 3328 Cyclicoe
755 3244 1068 3305 Thebaidis
1106 3243 1430 3321 fragmenta
1473 3242 1768 3320 pauciora,
1817 3258 1952 3318 quac
1998 3237 2136 3295 mihi
2177 3256 2289 3296 non
2339 3257 2411 3296 ex

307 3341 569 3402 instituto
593 3338 877 3419 quaerenti
907 3357 968 3397 se
992 3335 1348 3404 obtulerunt,
1376 3333 1470 3392 hic
1500 3334 1838 3409 designabo.
1925 3330 2193 3397 Quatuor
2216 3348 2414 3388 versus

307 3445 443 3495 sunt
479 3432 554 3493 de
584 3431 784 3510 OEdipi
811 3430 948 3489 diris
979 3429 1036 3487 in
1065 3426 1214 3487 filios
1241 3446 1335 3506 ap.
1368 3424 1566 3485 Schol.
1600 3425 1675 3485 ad
1704 3421 1982 3501 Sophocl.
2016 3420 2091 3479 O.
2124 3421 2195 3480 C.
2235 3423 2410 3481 1371.

307 3548 366 3609 p.
395 3529 534 3587 315.
619 3522 823 3603 Steph.
857 3521 1194 3599 Exscriptos
1222 3519 1327 3577 hos
1365 3517 1546 3577 habes
1584 3515 1641 3575 in
1676 3515 1769 3575 Ill.
1801 3512 2059 3577 Schiitzii
2101 3512 2413 3572 Animadv.

310 3620 385 3681 ad
418 3616 672 3697 AEschyl.
709 3616 772 3677 S.
804 3614 878 3675 ad
907 3614 1018 3674 Tb.
1049 3633 1106 3692 p.
1141 3614 1280 3673 364.
1313 3610 1390 3669 cf.
1425 3608 1647 3668 Summi
1680 3606 1894 3686 Heynii
1932 3606 2073 3664 Not.
2118 3603 2188 3661 ad
2232 3604 2413 3682 Apol-

309 3712 429 3773 lod.
475 3731 532 3792 p.
581 3712 721 3769 604.
811 3707 941 3767 Alia
981 3706 1151 3785 hujus
1188 3700 1501 3761 Thebaidis
1527 3700 1744 3759 mentio
1772 3696 2022 3757 occurrit
2048 3696 2106 3754 in
2136 3693 2411 3773 Apollod.

314 3808 362 3879 1,
396 3808 452 3867 8.
483 3808 541 3863 4.
553 3848 568 3877 ,
600 3802 698 3862 ubi
730 3800 887 3859 hunc
915 3807 1146 3878 poetam
1177 3814 1309 3854 cum
1344 3792 1601 3851 Hesiodo
1630 3786 1951 3869 conjungit.
2040 3786 2138 3846 Bis
2168 3787 2414 3846 eandem

315 3897 553 3959 adducit
601 3894 946 3963 Pausanias,
1002 3908 1148 3969 quos
1197 3896 1394 3945 tamen
1445 3884 1602 3943 locos
1664 3886 1745 3959 (v.
1806 3881 1878 3940 ad
1926 3880 2021 3939 Fr.
2075 3879 2306 3938 XVIII.
2356 3888 2418 3938 et

315 3989 635 4063 XXXIII.)
681 3986 754 4047 ad
801 3982 1214 4044 Antimachum
1256 3976 1449 4057 potius
1493 3974 1833 4046 retulerunt,
1871 3972 2033 4032 illum
2076 3972 2154 4031 N.
2204 3970 2411 4030 Lo‘eris.

315 4084 486 4145 Misc.
536 4079 750 4161 Epiph.
797 4078 874 4148 II,
922 4078 1004 4145 6.,
1050 4074 1210 4132 hunc
1255 4068 1538 4129 Valcken.
1592 4066 1667 4125 ad
1714 4066 1915 4144 Eurip.
1967 4064 2176 4123 Phoen.
2238 4063 2412 4122 1164.

314 4176 430 4237 Sed
462 4174 644 4255 priore
683 4173 740 4231 in
783 4171 911 4231 loco
955 4168 1134 4227 Paus.
1176 4160 1388 4222 Arcad.
1430 4179 1489 4238 p.
1523 4161 1685 4231 650„
1716 4158 1823 4217 etsi
1853 4156 1928 4216 ibi
1957 4174 2071 4214 non
2116 4153 2417 4232 perspicue

1517 4271 1556 4313 Ε
