3125 5009
707 259 810 347 '20
1312 304 1764 355 ANTIMAcffl
1801 306 2211 363 RELIQUIAE.

621 476 624 479 ⁴
711 448 874 513 alter
901 449 1244 537 apponitur
1271 452 1508 540 lyricus
1537 464 1747 542 poeta,
1771 456 2010 521 Psecas
2038 454 2527 544 cognominatus
2556 474 2595 517 a
2623 456 2815 539 φέειν,

713 550 889 636 quod
939 550 1308 619 disserendo
1349 555 1673 622 auditores
1714 568 1906 644 sputo
1952 558 2215 623 irrorare
2267 557 2516 635 soleret,
2558 555 2731 667 idem
2751 575 2817 670 ‘a

711 652 1040 717 nonnullis
1068 654 1331 722 habitus
1360 667 1587 724 auctor
1612 660 1873 740 decreti,
1903 659 2079 749 quod
2110 658 2392 739 vetabat,
2433 680 2514 724 ne
2556 679 2705 747 quis
2748 680 2813 721 m

711 776 906 819 scena
925 756 1148 822 Attica
1175 760 1552 825 nominatim
1576 782 1614 825 a
1646 761 1929 827 Cornicis
1958 761 2466 827 traduceretur.*
2556 759 2816 825 Scilicet

713 855 968 921 Chorus
996 858 1511 949 Acharnensium
1542 864 1715 950 apud
1747 863 2290 952 Aristophanem†
2313 864 2511 952 hujus
2538 862 2815 928 nominis

713 968 968 1043 poetam
998 962 1276 1045 graviter
1305 966 1941 1055 exsecratur,ibique
1963 977 2205 1033 veteres
2225 967 2449 1033 Critici
2472 967 2630 1032 illud
2660 966 2819 1031 affe-

711 1069 882 1142 runt,
915 1072 985 1126 ut
1015 1084 1146 1149 quo
1167 1064 1387 1130 odium
1411 1066 1821 1134 comicorum
1838 1070 1898 1136 ei
1922 1070 2311 1135 concitatum
2335 1078 2619 1135 narrant.
2682 1068 2813 1133 Sed

715 1169 788 1224 ut
829 1184 1027 1227 unum
1071 1188 1382 1247 moneam,
1410 1169 1841 1238 Antimachus
1882 1173 1957 1253 is,
1992 1195 2183 1261 quem
2232 1172 2699 1260 Aristophanes
2740 1193 2815 1237 eo

710 1262 853 1327 loco
877 1266 1268 1354 perstringit,
1297 1291 1425 1335 non
1458 1272 1699 1337 Psecas
1729 1274 1985 1355 dicitur,
2022 1275 2132 1339 sed
2169 1274 2622 1345 Psecadisseu
2656 1274 2816 1339 Psa-

711 1364 890 1429 cadis
933 1368 1106 1432 filius
1128 1394 1146 1449 ;
1225 1392 1456 1459 neque,
1503 1375 1557 1437 si
1616 1378 1823 1464 major
1870 1379 2051 1442 nulla
2102 1377 2420 1443 dictorum
2465 1377 2813 1443 auctoritas

710 1464 902 1545 adsit,
931 1491 1129 1555 quam
1159 1472 1386 1538 scholii
1426 1475 1624 1557 illius,
1666 1500 1707 1542 a
1746 1477 1952 1544 Suida
1992 1480 2622 1567 fideliter-descripti,
2657 1480 2813 1545 satis

709 1567 865 1647 scio,
925 1590 1008 1633 an
1069 1572 1148 1636 iis
1209 1574 1369 1639 fides
1425 1576 1651 1643 haberi
1710 1602 1853 1645 vere
1900 1584 2172 1668 possit.‡
2284 1583 2605 1647 Praeterea
2655 1583 2813 1647 alios

708 1668 902 1733 etiam
941 1664 1138 1738 habet
1169 1675 1427 1757 SuidaS,
1462 1680 1578 1767 qui
1608 1680 1737 1746 huc
1768 1705 1895 1747 non
1937 1706 2323 1774 magnopere
2364 1685 2707 1772 pertinent,
2745 1686 2813 1748 in

709 1769 814 1833 his
839 1771 1040 1855 illum,
1059 1776 1174 1863 qui
1200 1777 1266 1840 in
1288 1778 1588 1846 Nubibus
1613 1784 1900 1870 ejusdem
1921 1786 2171 1853 Comici
2197 1787 2572 1869 traducitur,
2592 1810 2813 1853 omnes

704 1893 784 1935 ex
816 1874 1038 1939 eodem
1063 1876 1424 1945 Scholiaste
1453 1884 1747 1969 petitos.§

795 1976 1014 2041 Unum
1034 1989 1249 2045 autem
1272 1983 1735 2052 Antimachum
1758 1989 1828 2053 in
1847 1989 2052 2056 Suida
2074 1992 2331 2058 omnino
2347 1991 2811 2073 desideramus,

705 2101 1006 2166 eumque,
1034 2083 1148 2169 qui
1179 2086 1534 2152 secundum
1565 2099 1855 2155 nostrum
1886 2094 2164 2159 maxime
2200 2116 2430 2160 nomen
2466 2095 2589 2160 hoc
2628 2094 2812 2159 illus-

636 2235 645 2245 .
703 2179 909 2245 tri-isse
940 2181 1213 2265 videtur,
1242 2186 1492 2253 Teium.
1559 2189 1694 2265 Qui
1723 2192 1877 2258 licet
1903 2217 1943 2259 a
1970 2196 2409 2285 scriptoribuS,
2439 2197 2548 2286 qui
2579 2197 2660 2263 ad
2692 2219 2811 2262 nos

702 2296 1146 2367 pervenerunt,
1189 2288 1391 2354 rarius
1443 2292 1755 2374 laudetur,
1804 2298 2079 2364 occurrit
2118 2309 2332 2365 tamen
2379 2302 2618 2367 mentio
2666 2302 2810 2389 ejus

701 2384 906 2448 obiter
934 2386 1107 2452 facta
1130 2390 1302 2476 apud
1336 2390 1781 2476 Plutarchum,
1810 2399 2080 2488 ejusque
2112 2402 2456 2468 mentionis
2488 2404 2649 2470 ratio
2678 2416 2807 2469 non

700 2638 942 2715 reperio,
969 2651 1030 2701 et
1061 2642 1232 2721 plura
1259 2656 1416 2720 sunt,
1453 2668 1591 2727 quae
1630 2670 1828 2709 versus
1869 2650 2000 2712 illos
2039 2663 2234 2713 nostro
2268 2654 2581 2729 vindicent,
2621 2656 2680 2715 in
2714 2656 2807 2717 his

701 2742 1127 2807 argumentum,
1157 2737 1538 2817 conjunctum
1568 2741 1713 2802 illud
1737 2763 1871 2803 cum
1900 2746 2203 2806 Thebaicis
2232 2749 2424 2821 rebuS,
2450 2760 2627 2827 atque
2656 2751 2806 2811 adeo

699 2832 889 2899 poetae
920 2825 1290 2906 Heliopolites
1319 2832 1660 2907 obscuritas,
1684 2836 1900 2916 quippe
1920 2838 2020 2917 qui
2050 2840 2125 2897 ab
2154 2840 2409 2919 antiquis
2446 2842 2605 2903 haud
2636 2843 2805 2905 facile

698 2927 1066 2979 memoratur.

778 3020 811 3052 θ’
852 3025 1124 3105 Ψήφισμα
1153 3024 1294 3084 illud
1333 3028 1522 3107 tangit
1561 3030 1787 3091 Petitus
1828 3032 1941 3093 LL.
1972 3035 2099 3094 Att.
2139 3056 2198 3115 p.
2237 3041 2369 3099 152.
2398 3041 2493 3101 ed.
2526 3042 2713 3102 Wess.
2745 3052 2805 3103 et

693 3111 846 3171 intra
876 3113 1112 3195 Olymp.
1143 3121 1576 3199 nonagesimam
1603 3124 1907 3203 septimam
1936 3128 2155 3188 factum
2182 3143 2404 3193 censet.
2478 3135 2558 3195 At
2576 3135 2802 3208 dubito,

695 3222 771 3262 an
815 3204 965 3265 inter
1007 3227 1126 3282 eOS,
1165 3211 1265 3288 qui
1301 3215 1506 3274 veteris
1556 3216 1876 3277 Comoediae
1925 3220 2169 3281 formam
2212 3222 2619 3302 immutarunt,
2664 3228 2813 3291 alibi.

694 3315 908 3356 nomen
939 3300 1272 3361 Antimachi
1299 3316 1583 3367 occurrat.

776 3412 812 3473 †
855 3404 1112 3464 Acharn.
1142 3428 1196 3467 v.
1233 3411 1406 3470 1149.
1438 3432 1568 3493 sqq.

1015 3558 1080 3615 Ἀ
1093 3568 1388 3643 ντίμαχον,
1411 3568 1515 3631 τὸνζ
1535 3570 1815 3639 Ψακάδος,

1013 3654 1130 3712 Τὸν
1156 3657 1468 3737 Ευγγραφῆ,
1492 3661 1591 3720 τὸν
1614 3667 1828 3741 μελέων
1856 3667 1953 3726 τὸν
1975 3675 2205 3741 ποιητήν
2226 3696 2275 3732 κ.
2307 3679 2365 3733 λ.

770 3835 795 3897 1
844 3828 1030 3887 Immo
1061 3833 1284 3909 lyricus
1309 3847 1491 3913 pocta
1533 3858 1651 3897 non
1687 3843 1844 3901 omni
1878 3844 2240 3911 dubitatione
2282 3862 2460 3913 caret.
2507 3876 2558 3913 v.
2610 3858 2789 3920 Biset.

687 3917 922 3978 Scholia
948 3921 1024 3979 ad
1053 3923 1347 4004 Aristoph.
1381 3928 1490 3988 loc.
1525 3931 1747 3992 Eadem
1778 3944 1971 3997 tamen
1998 3942 2273 4021 propinat
2300 3946 2466 4007 Suid.
2498 3970 2553 4009 v.
2581 3957 2787 4022 Ψεκάς.

685 4018 744 4067 et
775 4010 1022 4091 Diogen.
1052 4016 1323 4079 Proverb.
1354 4021 1526 4081 VIII.
1559 4028 1658 4100 71.

643 4126 648 4131 ·
685 4156 688 4161 -
765 4121 792 4188 3
837 4116 910 4175 V.
936 4118 1227 4201 Aristoph.
1256 4124 1452 4187 Nubb.
1493 4132 1665 4189 1018.
1697 4142 1755 4192 et
1786 4134 1861 4193 ibi
1893 4137 2093 4198 Schol.
