3125 5009
710 350 845 417 102
1316 363 1762 413 AN'nMAcffl
1819 362 2220 419 nmmum.

708 518 893 585 Οὕτω
946 516 1167 583 Φίλων
1222 520 1311 592 εἷς
1345 516 1439 609 ,τὰ
1490 513 1797 601 ῥηματικὰ
1846 512 2057 579 αὐτοῦ.
2147 509 2255 575 Cf.
2309 506 2592 595 Hesych.
2649 506 2713 571 h.
2759 531 2821 571 v.

707 621 927 707 ibique
970 620 1186 706 Intpp.
1222 618 1457 683 Glossa
1493 624 1593 682 est
1632 616 1714 680 ab
1753 612 2049 703 α’βολεῖν,
2081 612 2256 702 quod
2300 633 2416 701 pro
2451 608 2827 697 ἀντιβολεῖν

707 741 819 783 seu
862 722 1183 803 συναντᾷν
1222 716 1541 781 dixerunt.
1635 713 1738 779 Cf.
1771 713 2062 800 superius
2102 734 2166 799 p.
2197 708 2606 776 32.-SOH.
2655 707 2827 772 Mihi

708 820 972 908 quidem
989 820 1174 885 valde
1192 826 1557 905 suspectam
1577 825 1677 881 est
1695 814 1868 880 istud
1913 816 2162 902 Ἰαχίνῃ
2185 838 2200 878 :
2251 812 2462 878 forsan
2483 812 2826 901 legendum

711 924 1099 1012 Ἀντίμαχος
1128 947 1141 987 :
1191 920 1471 1009 Ἰάχοντι
1500 917 1554 986 δ’
1586 918 1684 1006 ἄρ’
1715 922 1776 985 οἱ
1805 916 1924 1005 ἆβ.
1961 917 2024 984 ι’ί.
2058 916 2274 983 ἕ.-Β.

957 1373 1117 1440 vn.
1210 1372 1781 1442 FRAGMENTA
1827 1324 2254 1447 iNcERTAE
2299 1367 2586 1434 sams,

1708 1659 1853 1724 LII.

910 1900 1098 1984 ’Ίὸεῶ
1135 1902 1235 1996 θ’,
1276 1900 1345 1993 ’ὃς
1384 1898 1758 2018 κάρτιστος
1801 1898 2202 2002 ἐπιχθονίων
2241 1898 2314 1994 ἦν
2354 1893 2615 2013 ἀνδρῶν.

720 2138 991 2201 ΕυεΕΒ.
1027 2138 1237 2224 Praep.
1280 2136 1403 2202 Ev.
1451 2134 1535 2199 X.
1581 2136 1669 2215 3.,
1703 2154 1812 2198 seu
1862 2132 2075 2219 potius
2122 2130 2520 2219 Porphyrius
2565 2130 2628 2193 in
2673 2130 2837 2210 loce,

714 2263 911 2328 quem
958 2241 1065 2304 ille
1109 2240 1418 2327 excerpit,
1464 2238 1545 2303 de
1595 2236 1970 2301 Graecorum
2017 2234 2398 2321 scriptorum
2450 2234 2708 2322 plagiis,
2754 2234 2836 2300 de

719 2340 1133 2421 Antimacho,
1163 2363 1359 2427 quem
1391 2339 1718 2427 plagiariis
1750 2337 2008 2402 Homeri
2044 2345 2360 2416 accenset,
2391 2336 2550 2400 dicit
2589 2337 2713 2401 ita:
2759 2334 2836 2404 ‘O

720 2444 1132 2530 Ἀντίμαχος,
1163 2444 1239 2510 τὰ
1271 2441 1551 2529 Ὁμήρου
1584 2440 1892 2522 κλέπτων,
1925 2437 2352 2529 παραδιορθεῖ.
2399 2438 2680 2528 Ὀμήρου
2711 2442 2840 2529 γὰρ

721 2547 1033 2623 εἰπόντος·
1064 2542 1243 2612 Ἴδεώ
1286 2546 1373 2622 θ’,
1414 2544 1491 2621 ὃς
1532 2541 1863 2631 κάρτιστος
1903 2540 2290 2631 ἐπιχθονίων
2338 2543 2537 2629 γένετ’
2563 2540 2841 2630 ἀνδρῶν·

722 2636 1111 2735 Ἀντίμαχος
1141 2647 1328 2734 λέγει·
1364 2645 1712 2723 Ἴδεω-ἧν
1734 2644 2008 2735 ἀνδρῶν.
2075 2651 2194 2711 Καὶ
2229 2647 2580 2732 Λυκόφρων
2611 2647 2845 2713 ἐπαινεῖ

720 2753 836 2826 τὴν
863 2747 1212 2833 μετάθεσιν,
1234 2753 1324 2826 ὡς
1356 2747 1413 2816 δί
1444 2751 1638 2825 αὐτῆς
1667 2751 2107 2836 ἐστηριγμένου
2137 2753 2249 2813 τοῦ
2281 2751 2528 2834 στίχου.
2578 2748 2666 2813 Τὸ
2691 2748 2840 2835 γὰρ·

724 2854 853 2918 Τὸν
904 2849 957 2918 δ’
1004 2848 1950 2938 ἀπαμειβόμενος-Διομήδης,
1997 2855 2180 2937 σιγῶ,
2221 2849 2504 2937 Ὁμήρου
2550 2850 2844 2938 κωμῳδη-

724 2951 943 3030 θέντος
972 2956 1095 3020 ὑπὸ
1127 2960 1443 3040 Κρατίνου
1481 2951 1580 3020 διὰ
1613 2956 1686 3019 τὸ
1716 2951 2064 3020 πλεονάσαι
2104 2956 2170 3020 ἐν
2200 2958 2306 3039 τῷ,
2341 2955 2455 3020 τὸν
2487 2950 2543 3019 δ’
2585 2953 2844 3040 α’παμει-

718 3052 1026 3140 βόμενος.
1105 3054 1309 3142 ’Όπερ
1349 3057 1513 3123 οὕτω
1550 3060 1983 3139 πεπατημένον
2012 3057 2126 3122 οὐκ
2157 3057 2433 3133 ὤκνησεν
2459 3056 2848 3145 Ἀντίμαχος

718 3158 1086 3243 μεταθεῖναι.
1158 3165 1287 3224 Τοῢ
1318 3157 1401 3226 δὲ·
1478 3163 1689 3235 Λαῶν,
1719 3160 1888 3225 οἶσιν
1917 3158 2174 3238 ἄνασσε,
2205 3161 2409 3247 πατὴρ
2451 3157 2509 3225 δ’
2537 3160 2626 3236 ὡς
2653 3159 2844 3237 ἤπιος

720 3266 852 3339 ἦεν,
883 3260 1221 3348 Ὁμηρικοῦ
1251 3263 1463 3338 ὄντος,
1490 3267 1588 3328 καὶ
1613 3258 1810 3327 πάλιν
1838 3259 2138 3349 ἀλλαχοῦ
2170 3289 2292 3329 που
2323 3261 2693 3347 λεγομένου·
2765 3267 2845 3330 Οἱ

722 3359 781 3429 δ’
834 3368 961 3430 ἐπεὶ
1010 3361 1451 3451 ἀμφοτέρωθεν
1498 3367 1914 3450 ἐκαρτύναντο
1958 3362 2320 3452 φάλαγγας,
2369 3370 2405 3432 ὁ
2453 3366 2845 3453 Ἀντίμαχος

719 3463 1005 3548 μεταθεὶς
1044 3468 1384 3554 ἡμιστίχια,
1413 3470 1727 3542 πεποίηκε·
1773 3465 2420 3554 Δαῶν-φάλαγγας.
2514 3468 2844 3555 [ntegrum

721 3566 933 3629 locum
962 3566 1291 3654 descripsi,
1320 3590 1451 3655 quo
1483 3567 1730 3632 facilior
1769 3569 1909 3655 ejus
1950 3578 2123 3634 esset
2152 3580 2556 3657 conspectus·
2649 3569 2842 3635 Nunc

721 3666 803 3730 de
832 3666 1105 3755 singulis
1134 3667 1505 3733 videndum.
1601 3668 1794 3745 Quod
1843 3670 1924 3735 ad
1965 3671 2241 3757 primum
2276 3693 2550 3751 versum,
2580 3694 2776 3759 supra
2803 3696 2842 3737 a

722 3790 825 3833 me
854 3770 1236 3851 exhibitum,
1268 3772 1517 3851 attinet,
1546 3772 1776 3861 utique
1816 3773 1882 3837 in
1919 3796 1995 3839 eo
2024 3772 2534 3865 παραὸιόρθωσιν
2577 3775 2842 3846 Homeri

718 3892 1063 3959 agnoscere
1112 3874 1343 3961 possis,
1437 3874 1855 3941 Numerosior
1905 3876 2075 3941 enim
2121 3876 2412 3964 profecto
2460 3877 2845 3945 Homericus

720 3983 819 4039 est
868 3974 945 4039 Π.
993 4005 1031 4042 ι.
1080 3976 1225 4040 554.
1318 3977 1622 4043 Attamen
1677 3979 1867 4045 multi
1917 3980 2110 4045 etiam
2162 3980 2230 4043 in
2289 3980 2572 4049 Homero
2625 4004 2845 4048 versus

719 4077 1039 4143 habentur
1085 4079 1441 4166 spondaici‚
1490 4103 1608 4145 nec
1663 4082 1790 4147 alio
1836 4082 1994 4147 vitio
2044 4082 2512 4149 Antimacheus
2569 4084 2842 4151 laborat.

719 4178 944 4267 Neque
974 4182 1134 4247 adeo
1164 4183 1311 4271 quis
1340 4184 1568 4271 quovis
1608 4186 1873 4273 pignore
1913 4186 2280 4266 contendat,
2309 4187 2375 4251 in
2417 4188 2596 4254 nulla
2627 4211 2849 4255 recen-
