3125 5009
8 4410 25 4973 *τῇ
8 3878 19 4383 ῂή-Ἷ·

873 310 1339 361 FRAGMENTA
1384 312 1730 363 mcssn'rAE
1761 314 1988 362 sams.
2322 288 2459 365 1‘23

344 451 621 522 Πλάτωυ
660 460 727 523 ἐν
773 456 1047 546 Φαίδρῳ·
1100 464 1333 539 Μῆπω,
1368 462 1417 527 ὦ
1464 464 1812 549 Σώκρατες,
1850 469 2006 550 πρὶν
2045 462 2127 529 ἂν
2155 464 2229 529 τὸ
2261 469 2459 546 καῦμα

342 554 645 643 παρέλθῃ.
692 563 728 635 ἦ
772 561 903 647 οὐχ
941 565 1121 647 ὁρᾶς,
1153 565 1241 638 ὡς
1284 561 1521 649 σχεδὸν
1556 562 1676 641 ἤδη
1715 562 2077 651 μεσημβρία
2118 564 2383 641 ἵσταται,
2417 566 2456 639 ἡ

336 653 686 741 καλουμένη
719 659 990 748 σταθερά
1010 666 1406 740 ς-Δῦναται
1436 669 1550 749 μέν
1580 694 1678 731 τοι
1712 672 1810 732 καὶ
1845 664 2188 751 θερμοτᾶτη
2219 665 2392 731 εἶναι·
2416 666 2456 741 ἢ

342 755 637 844 σταθερὰ,
688 758 861 835 ὀξεῖα
912 762 1091 829 οῦσα.
1182 770 1305 831 Καὶ
1363 768 1491 853 γὰρ
1550 767 1667 833 τὸν
1725 767 1933 844 ἥλιον,
1988 770 2141 833 ὅταν
2197 765 2457 850 μᾶλλον

320 859 545 953 ἐκκαῇ,
573 861 730 937 ὀξὺν
760 863 1010 931 εἰώθασι
1038 864 1265 953 λέγειν.
1361 874 1668 953 Σημαίνοι
1698 868 1753 935 δ’
1777 870 1859 936 ἂν
1889 876 1987 936 καὶ
2016 871 2090 935 τὸ
2122 870 2453 952 στάσιμον,

340 964 432 1046 τῷ
473 966 669 1046 μέσον
715 993 773 1030 τι
820 965 975 1033 εἶναι
1021 978 1133 1044 τῆς
1180 971 1431 1055 ἡμέρας,
1474 976 1572 1036 καὶ
1618 967 1761 1055 μηδ’
1803 967 1896 1057 ἐφ’
1942 973 2153 1056 ἕτερον
2198 970 2456 1046 κλίνειν,

342 1069 466 1129 Καὶ
498 1072 814 1151 Κρατῖνος
842 1064 899 1133 δ’
927 1071 994 1137 ἐν
1029 1073 1325 1157 Σερίφοις
1355 1074 1453 1137 ἐπὶ
1482 1078 1596 1137 τοῦ
1629 1069 1813 1148 ὀξέος
1843 1072 1882 1148 ἢ
1914 1075 2207 1158 ἰσχυροῦ.
2269 1070 2454 1136 Οὕτω

338 1162 642 1251 σταθερὸς
670 1178 806 1244 τοῖς
835 1167 1234 1247 λωποδύταις
1265 1174 1301 1236 ὁ
1331 1174 1538 1258 πόρος
1566 1179 1824 1241 πεινῶσι
1853 1173 2188 1261 παφλάζει.
2244 1169 2456 1240 Ἀντί·-

336 1289 571 1353 μαχος·
624 1273 854 1355 Θέρεος
886 1270 1233 1357 σταθεροῖο.
1290 1270 1572 1360 Reliqua
1600 1296 1728 1339 non
1762 1274 1888 1339 huc
1918 1274 2257 1361 pertinent.
2317 1272 2455 1337 Ad-

340 1366 685 1434 hibuerunt
704 1371 942 1452 Graeci,
974 1374 1327 1459 praesertim
1342 1374 1569 1455 Attici,
1587 1397 1807 1441 vocem
1834 1376 2138 1464 σταθερὸς
2156 1375 2238 1441 de
2260 1377 2450 1441 rebus

336 1468 649 1555 pluribus,
678 1495 826 1559 quae
866 1474 930 1537 in
970 1496 1221 1539 summo
1251 1474 1467 1562 vigore
1509 1498 1626 1541 seu
1665 1481 1732 1544 ἐν
1763 1478 1929 1565 ἀκμῇ
1957 1486 2177 1543 essent
2213 1478 2452 1543 consti-

337 1578 522 1650 tutae,
551 1571 632 1638 de
670 1574 904 1661 quibus
944 1575 1103 1640 alias
1138 1576 1514 1663 simpliciter
1551 1588 1801 1666 ponunt
1834 1580 2098 1645 verbum
2137 1578 2449 1646 ἵστασθαι.

344 1671 535 1738 Unde
562 1675 707 1755 fuit,
736 1698 885 1741 cum
923 1676 1213 1741 Platonis
1242 1700 1283 1743 a
1311 1676 1513 1743 Suida
1553 1680 1902 1746 adductum
1934 1682 2150 1747 locum
2181 1680 2444 1746 Phaedr.

340 1796 406 1861 p.
453 1776 601 1841 242.
650 1778 730 1842 A.
779 1776 1001 1866 Steph.
1054 1800 1185 1843 non
1236 1779 1506 1845 liberum
1552 1804 1592 1845 a
1637 1782 2040 1868 glossematis
2086 1782 2451 1870 suspicione

341 1887 654 1963 putarem,
682 1890 748 1945 et
776 1880 1140 1968 abjicienda
1175 1884 1215 1959 ἡ
1257 1880 1333 1961 δὴ
1366 1882 1717 1968 καλουμένη
1750 1884 2040 1971 σταθερά.
2131 1883 2452 1972 Exempla

341 1978 737 2065 hujusmodi,
781 1982 891 2047 ubi
944 1982 1315 2070 simpliciter
1366 1983 1660 2050 ἵστασθαι
1705 1982 2069 2072 μεσημβρία
2120 1983 2378 2062 dicitur,
2417 2006 2454 2048 e

344 2079 639 2165 pluribus
668 2091 869 2147 auctt.
896 2083 1132 2148 Atticae
1155 2083 1457 2149 dictionis
1488 2085 1710 2149 attulit
1735 2084 1854 2149 Vir
1881 2084 2188 2150 Summus
2217 2083 2453 2149 Ruhn-

338 2180 491 2246 ken.
519 2182 603 2245 ad
640 2182 951 2247 Timoeum
992 2206 1057 2271 p.
1108 2184 1273 2264 168.,
1302 2186 1414 2272 qui
1459 2186 1643 2251 locus
1684 2185 1979 2273 inprimis
2020 2182 2453 2249 consulendus

340 2294 459 2348 est.
550 2284 878 2366 Ceterum,
904 2295 976 2350 ut
1006 2287 1114 2351 alii
1146 2287 1334 2365 ἥλιον
1368 2286 1675 2375 σταθερὸν
1695 2288 1781 2352 de
1805 2288 1934 2351 sole
1964 2285 2451 2364 ferventissimo,

340 2390 502 2473 ἦμαρ
546 2386 853 2475 σταθερὸν
884 2385 965 2451 de
1004 2387 1286 2466 meridie,
1316 2399 1383 2452 et
1422 2389 1658 2452 similia
1691 2389 2013 2466 dicebant,
2043 2388 2134 2452 ita
2161 2386 2456 2451 Antima-

338 2487 503 2551 chus
532 2487 703 2552 idem
733 2489 1115 2553 vocabulum
1153 2490 1237 2553 de
1277 2490 1703 2553 fervidissimo
1745 2490 1988 2554 aestatis
2027 2489 2234 2553 calore
2269 2508 2456 2551 usur·
2511 2560 2520 2567 ,

339 2588 539 2675 pavit.
633 2588 742 2653 Sic
805 2589 1021 2655 Schol.
1082 2590 1297 2677 Apoll.
1360 2589 1494 2653 Rh.
1558 2591 1612 2670 Ι,
1665 2591 1815 2654 450.
1878 2588 2183 2675 σταθερὸν
2241 2588 2454 2652 reddit

342 2692 760 2778 καυματηρὸν,
795 2690 1626 2778 θερμόν.-8οΗ.-Οἰῑθ.ῐ
1649 2690 2018 2756 Scholiasta
2044 2689 2356 2768 Platonis,
2388 2711 2451 2774 p.

348 2792 454 2856 60.
499 2792 601 2855 ed.
649 2791 919 2856 Ruhnk.
1009 2793 1207 2880 Apud
1238 2794 1501 2857 eandem
1533 2791 1756 2857 Suidae
1797 2793 2079 2879 glossam
2109 2792 2172 2854 in
2203 2791 2346 2855 loco
2373 2810 2455 2855 ex

344 2892 647 2980 AEschyli
678 2900 1124 2981 Ψυχαγωγοῖς
1154 2892 1374 2972 citato,
1403 2915 1521 2979 pro
1545 2891 1849 2979 σταθεροῦ
1875 2896 2225 2980 χρήματος,
2250 2890 2457 2955 mani-

346 2995 515 3060 festo
539 2996 879 3081 legendum
906 2994 1209 3082 σταθεροῦ
1228 2999 1556 3078 κῦματος,*
1576 2995 1616 3058 i.
1645 3017 1701 3058 e.
1728 2992 1886 3058 Cum
1907 2993 2234 3079 placidum
2256 2993 2456 3057 ventis

336 3108 539 3161 staret
568 3119 757 3163 mare.
852 3097 1136 3183 Hesych.
1188 3095 1529 3184 Σταθερόν·
1564 3095 1880 3182 γαληνὸν,
1909 3092 2364 3163 suffitum—BL.

432 3493 465 3526 ⁴*
509 3491 645 3563 MS,
672 3490 907 3568 quidem
934 3490 1237 3570 χεῦματος.
1323 3487 1441 3547 Sed
1470 3495 1626 3545 recte
1653 3487 1912 3566 κύματος.
1999 3482 2133 3543 Pari
2171 3484 2458 3545 medicina

338 3590 637 3653 sanandus
671 3596 759 3647 est
804 3584 1113 3665 AEschylus
1155 3584 1315 3664 apud
1354 3584 1621 3642 Strabon.
1649 3582 1698 3655 1,
1729 3601 1786 3661 p.
1821 3583 1918 3640 33.
1951 3590 2096 3662 κῦμα
2133 3580 2457 3665 θαλάσσης,

338 3686 445 3747 ubi
464 3682 616 3743 male
640 3682 827 3742 editur
852 3692 1061 3763 χεῦμα.
