3125 5009
977 358 1243 409 woLFu
1281 358 1665 408 Emsrom.
2328 340 2373 409 5

273 503 368 567 sis
415 504 888 572 recensionibus
940 508 1244 576 exhiberi.
1347 509 1597 574 Docuit
1640 509 1704 573 id
1762 508 1989 597 utique
2036 508 2155 572 Vir
2201 508 2381 595 inge-

276 602 703 686 niosissimuS,
735 616 800 670 et
845 628 992 694 spes
1021 608 1218 673 etiam
1246 606 1418 673 sacta
1450 608 1512 671 in
1547 607 1864 695 Epistola,
1892 609 1974 672 ad
2008 606 2379 695 Formeyum

275 698 364 764 V.
422 699 525 766 Ill.
578 702 866 769 Venetiis
924 728 982 769 a.
1049 706 1214 770 1779
1273 708 1447 786 data,
1504 729 1653 794 quae
1710 706 1793 771 ad
1852 729 2113 771 manum
2170 718 2381 771 est.—

277 796 443 863 Post
480 822 722 886 paucos
756 824 1008 868 menses
1048 804 1262 890 ipsum
1295 826 1456 892 opus
1495 804 1900 884 habebimus,
1937 804 2005 867 in
2047 827 2180 893 quo
2218 806 2377 893 quid

273 895 599 961 inventuri
657 899 882 982 simus,
941 924 1114 967 nunc
1173 903 1495 989 ambigere
1553 903 1717 967 velle
1770 902 2194 967 inhumanum
2254 912 2376 971 est.

271 993 614 1082 Tantisper
650 1005 867 1063 tamen
909 1000 1201 1064 nonnihil
1242 1000 1494 1079 dubito,
1522 1023 1608 1064 an
1643 1000 1992 1066 fasciculus
2019 1001 2198 1065 Tuus
2228 1002 2380 1067 inde

275 1100 409 1156 tam
437 1095 694 1181 egregie
721 1096 939 1183 augeri
979 1098 1200 1185 possit.
1292 1097 1551 1163 Etenim
1582 1099 1651 1162 in
1680 1098 1902 1163 codice
1935 1097 2199 1163 Homeri
2227 1098 2383 1186 Lip-

273 1189 494 1272 siensi,
549 1194 740 1279 cujus
797 1204 1100 1282 excerpta
1151 1197 1235 1261 ad
1295 1196 1490 1261 crisin
1549 1196 1814 1261 Homeri
1872 1196 2259 1283 pertinentia
2311 1198 2377 1261 in

273 1290 572 1356 manibus
607 1293 768 1356 meis
805 1303 981 1375 sunt,
1020 1317 1170 1382 quae
1205 1293 1372 1382 ipsa,
1415 1303 1492 1359 ut
1529 1316 1877 1380 speramuS,
1918 1293 2385 1361 Villoisoniana

273 1387 475 1452 editio
501 1389 874 1471 continebit,
899 1392 1138 1457 mentio
1160 1392 1436 1458 habetur
1456 1392 1749 1479 ejusdem
1779 1392 1952 1456 illius
1980 1391 2381 1475 Antimachi,

274 1486 392 1574 qui
422 1485 490 1550 in
533 1486 880 1553 Homerum
921 1499 1388 1555 commentatus
1423 1498 1540 1569 est,
1573 1489 1685 1555 sed
1724 1489 1977 1554 duobus
2024 1499 2274 1555 tantum
2312 1492 2381 1557 in

275 1583 460 1664 locis,
487 1596 554 1651 et
579 1586 692 1666 ita,
725 1596 796 1652 ut
823 1588 906 1654 de
944 1587 1148 1675 priore
1188 1609 1288 1653 res
1324 1586 1482 1651 mihi
1521 1610 1649 1653 non
1683 1586 2234 1674 omnino-liquida
2272 1589 2381 1655 sit.

277 1682 318 1747 J
324 1703 428 1745 am
459 1684 718 1749 tertium
761 1685 956 1751 etiam
986 1688 1201 1751 locum
1234 1674 1581 1773 Berglems
1614 1686 1683 1749 in
1725 1684 1949 1751 Indice
1990 1708 2095 1772 ap.
2131 1686 2381 1752 Fabric.

281 1780 367 1845 B.
391 1780 475 1846 G.
505 1784 709 1869 ponit,
727 1793 796 1848 at
823 1782 1212 1849 dubitanter.
1279 1783 1370 1847 Et
1398 1792 1592 1849 recte.
1658 1782 1908 1870 Nempe
1936 1784 2019 1847 ad
2052 1784 2131 1848 11.
2163 1814 2211 1851 ε.
2236 1788 2385 1867 507,

279 1878 543 1945 Scholia
567 1881 681 1945 illa
717 1891 996 1964 monent,
1027 1882 1218 1947 modo
1259 1903 1476 1946 eorum
1519 1903 1781 1965 sensum
1822 1890 1993 1946 recte
2035 1883 2387 1969 capiamus,

277 1977 435 2043 olim
464 1981 808 2044 nonnullos
835 1989 987 2045 ante
1014 1983 1192 2067 μάχῃ
1225 1979 1722 2067 interpunxisse,
1753 1979 2068 2044 hac-voce
2107 1981 2268 2047 adeo
2301 1982 2385 2046 ad

279 2098 464 2164 seqq.
497 2078 758 2164 rejecta,
789 2099 905 2165 pro
936 2081 1004 2145 ἐν
1032 2081 1230 2165 μάχῃ,
1261 2086 1335 2141 ut
1372 2077 1448 2141 Il.
1493 2106 1552 2142 α.
1593 2076 1765 2157 521.,
1805 2098 1953 2140 cum
1994 2076 2103 2141 alii
2138 2100 2389 2143 comma

277 2183 431 2263 post
455 2177 633 2263 μάχῃ
660 2186 984 2263 ponerent,
1015 2185 1090 2240 ut
1117 2175 1376 2239 nuncin
1411 2175 1602 2239 editis
1630 2183 1695 2239 et
1725 2196 1829 2261 ap.
1864 2173 2164 2240 Eustath.
2190 2177 2290 2257 fit,
2321 2187 2389 2243 et

281 2273 476 2337 unice
523 2274 845 2359 probatur.
946 2273 1046 2338 Ibi
1087 2273 1284 2359 igitur
1326 2273 1393 2336 in
1440 2271 1661 2337 Schol.
1710 2294 1745 2337 e
1783 2272 1992 2337 verbis
2032 2273 2173 2341 ἀντὶ
2210 2278 2391 2363 μάχῃ

282 2380 478 2435 natus
507 2380 608 2436 est
633 2370 1219 2460 Ἀντίμαχος.-Ιη
1260 2370 1450 2458 priori
1491 2370 1739 2435 scholio
1778 2370 1861 2435 ad
1904 2369 1983 2434 Il.
2026 2400 2089 2457 γ.
2126 2371 2271 2436 197.
2305 2374 2388 2437 ad

283 2469 742 2556 πηγεσιμάλλῳ
759 2470 1153 2557 adscriptum
1175 2476 1274 2533 est
1294 2466 1784 2555 μελανομάλλῳ,
1801 2490 1933 2555 quo
1953 2468 2147 2533 modo
2164 2491 2390 2535 vocem

289 2566 484 2633 Hom.
513 2589 552 2631 a
581 2567 908 2632 nonnullis
938 2576 1220 2632 veterum
1254 2566 1831 2631 Grammaticorum
1868 2575 2200 2653 acceptam
2231 2587 2393 2647 esse,

285 2686 370 2731 ex
415 2665 720 2731 Eustath.
771 2676 838 2731 et
884 2662 1384 2753 Glossographis
1427 2672 1705 2728 constat.
1800 2662 1963 2728 Mox
2007 2666 2389 2751 apponiture

293 2770 418 2831 Καὶ
460 2764 850 2852 Ἀντίμαχος
883 2766 957 2830 τὸ
1002 2763 1230 2830 λευκὸν
1277 2764 1365 2838 ὡς
1409 2762 1830 2846 ἀντικείμενον
1883 2765 1986 2848 rq‘i-
2008 2767 2197 2848 πηγῷ
2235 2762 2395 2849 λαμ·-

287 2861 502 2949 βιίνει.
592 2862 886 2927 Alterum
933 2860 1222 2925 scholion
1258 2869 1357 2924 est
1401 2859 1482 2923 ad
1534 2887 1585 2924 ε.
1638 2858 1816 2937 461.,
1859 2859 1970 2923 ubi
2008 2858 2071 2922 in
2117 2861 2289 2923 varia
2328 2869 2396 2924 et

286 2960 610 3024 scribendi
656 2970 724 3024 et
766 2957 1208 3046 distinguendi
1252 2956 1517 3037 ratione,
1546 2978 1745 3042 quam
1790 2956 1943 3020 olim
1993 2956 2099 3020 bic
2139 2958 2399 3045 excogi-

287 3058 538 3137 tarunt,
564 3057 662 3122 Tu
691 3078 940 3122 mecum
977 3055 1220 3120 mireris
1250 3055 1506 3120 doctam
1538 3053 1922 3118 Criticorum
1951 3053 2392 3142 μικρολογίαν.

295 3156 468 3221 Nam
491 3156 558 3219 in
587 3178 662 3221 eo
695 3178 876 3220 versu
905 3163 1121 3219 nostra
1142 3153 1332 3217 lectio
1360 3152 1690 3231 facillima,
1714 3153 1952 3239 Τρώων
1976 3149 2041 3218 δὲ
2072 3156 2323 3238 στίχας,
2358 3174 2399 3216 a

291 3254 511 3319 Schol.
545 3255 733 3342 plane
762 3274 891 3317 non
919 3252 1226 3329 adfertur,
1257 3260 1332 3315 ut
1359 3272 1478 3315 nec
1501 3258 1891 3314 memoratur
1916 3270 1995 3313 ea
2035 3249 2118 3313 ab
2161 3249 2431 3314 Busta·-

292 3353 456 3434 thio,
482 3352 594 3417 sed
626 3352 942 3429 videmuS,
980 3348 1452 3415 Grammaticos
1491 3344 1849 3425 dubitasse,
1877 3346 2218 3411 lectionem
2260 3356 2401 3412 tum

293 3452 626 3538 vulgatam
647 3458 872 3537 Τρωας
889 3458 1100 3513 utrum
1123 3446 1441 3533 adjective
1459 3446 1687 3533 Τρωᾶς
1708 3465 1825 3530 pro
1849 3446 2156 3531 Τρωϊκὰς,
2180 3466 2261 3509 an
2286 3446 2403 3531 ‘pro

295 3548 702 3615 substantivo
731 3550 955 3634 Τρῶας
983 3546 1377 3632 acciperent3
1422 3552 1487 3608 et
1513 3542 1627 3629 qui
1658 3542 1748 3620 id,
1777 3541 1951 3629 quod
1996 3542 2223 3606 ultimo
2260 3542 2405 3608 loco

295 3648 510 3737 posui,
540 3645 926 3733 praeferrent,
965 3644 1011 3708 ii
1051 3664 1269 3707 rursus
1310 3641 1709 3729 quaerebant‚
1739 3642 2094 3725 ὖποστιγμὴ
2136 3649 2283 3724 post
2318 3638 2405 3720 δὲ,

295 3770 386 3813 an
431 3754 582 3833 post
624 3748 854 3830 στίχας
899 3741 1126 3807 melius
1163 3748 1520 3828 poneretur.
1616 3738 1738 3815 Ita,
1779 3736 1892 3823 qui
1932 3735 2111 3821 prius
2150 3737 2407 3819 vellent,

297 3844 548 3912 duriter
583 3840 931 3905 admodum
972 3840 1163 3905 verba
1203 3838 1608 3914 ordinabant,
1640 3838 1865 3922 Τρῶας
1910 3832 1973 3900 δὲ
2016 3833 2172 3909 ἕλος
2201 3834 2409 3921 ’'Apag-

298 3942 648 4031 μετελθὼν,
689 3944 918 4025 στίχας
969 3940 1178 4004 αὐτῶν
1229 3937 1485 4023 ὤτρυνε,
1529 3943 1597 3999 et
1635 3933 1749 4019 qui
1799 3930 2132 4017 posteriue,
2186 3937 2410 4019 Τρῶας

302 4046 536 4128 στίχας
573 4058 688 4125 per
724 4036 1209 4124 appositionem,
1238 4054 1454 4121 quam.
1473 4039 1727 4109 vocant,
1755 4051 1871 4117 pro
1913 4030 2151 4115 Τρώων
2182 4034 2411 4117 στίχας

299 4137 728 4226 accipiebant.
818 4133 982 4198 Mox
1039 4130 1252 4197 Schol.
1300 4136 1504 4207 notat,
1552 4137 1776 4215 Τρωας
1822 4126 2017 4192 etiam
2066 4148 2216 4190 cum
2272 4126 2415 4191 Iota

307 4237 521 4326 (quod
580 4235 778 4321 vulgo
843 4252 1018 4297 nunc
1076 4228 1568 4309 subscribimus)
1625 4234 1955 4291 exaratum
2019 4223 2285 4287 inveniri
2342 4224 2412 4287 in
