3125 5009
707 343 803 413 68
1308 364 1746 414 ΛΝτιΜΑοΗι
1805 359 2208 417 amioum-2.
2254 354 2261 363 ·

1727 606 1814 671 X.

768 780 1020 863 Πάντα
1052 778 1255 891 μαλ’,
1294 779 1445 862 ’ὅσ-α’
1472 776 1924 884 ”Αδραστος’
1899 812 2382 914 εποιχομενους
2421 769 2729 856 ἐκέλευσε

761 889 1091 1032 Ρεξεμεν·
1156 892 1217 973 ἓν
1255 891 1375 1001 μὲν
1406 888 1660 1008 ὕὸως,’
1635 927 1696 971 εν
1736 886 1799 969 δ’
1837 887 2130 984 ἀσκηθὲς
2164 885 2326 997 μελε
2365 923 2526 990 χευε

762 1002 1091 1110 Ἀργυρέῳ
1250 1042 1390 1109 τηρι
1418 998 1867 1109 περιφραδέως
1892 998 2257 1105 κερὸωντες.

764 1114 1220 1223 Νῶμησανε
1125 1038 1247 1197 ng
1260 1111 1638 1219 δέπαστρα
1677 1114 1855 1205 Soram·
1893 1110 2350 1206 βασιλεῧσιν’
2354 1110 2664 1212 Αχαιων,

762 1225 890 1307 Ἐκ
927 1225 1124 1333 χερὸς
1162 1227 1490 1318 sicr-ramea,
1531 1261 1654 1306 και
1697 1223 1762 1315 ἒς
1799 1222 2037 1318 λοιβὴν
2077 1218 2235 1326 χὲον
2277 1218 2457 1326 εἶθαρ

767 1338 1057 1447 Χρυσεῖη
1098 1335 1372 1443 προχὸῳ
1412 1384 1525 1397 -

706 1535 920 1601 Hunc
962 1539 1178 1603 locum
1219 1559 1369 1603 cum
1410 1538 1830 1624 sequentibus
1875 1534 2130 1600 duobus
2161 1533 2516 1599 Athenaeus
2557 1532 2826 1597 adhibet

701 1639 771 1703 in
799 1640 1237 1727 disputatione
1278 1640 1359 1705 de
1398 1639 1774 1726 poculorum
1803 1638 1981 1703 vario
2022 1658 2277 1725 genere,
2311 1658 2425 1723 per
2459 1658 2529 1701 se
2557 1634 2822 1724 quidem

701 1741 943 1828 inepta,
974 1742 1159 1807 nobis
1192 1764 1338 1807 vero
1380 1728 1742 1819 utilissima,
1771 1749 1846 1804 ut
1874 1762 2063 1805 usum
2104 1738 2330 1827 probet
2371 1739 2622 1804 rarioris
2650 1738 2824 1803 vocis

704 1839 1055 1928 δέπαστρον
1105 1865 1220 1930 pro
1262 1841 1473 1923 δέπας,
1511 1863 1710 1929 quam
1759 1841 2049 1928 inprimis
2092 1839 2482 1905 Antimacho
2525 1838 2822 1926 frequen-

700 1934 902 2007 tatam
958 1944 1160 2009 fuisse
1218 1944 1532 2009 videmuS.
1625 1941 1730 2006 Sic
1782 1942 1891 2006 ille
1951 1942 2191 2029 Deipn.
2251 1940 2374 2006 XI.
2428 1964 2490 2027 p.
2537 1941 2688 2006 468.
2741 1940 2822 2005 A.

706 2044 986 2123 Σιληνὸς
1025 2052 1122 2113 καὶ
1167 2045 1568 2132 Κλείταρχος
1609 2049 1676 2112 ἐν
1709 2043 2065 2123 Γλώσσαις,
2109 2045 2280 2131 παρὰ
2325 2042 2716 2132 Κλειτορίοις
2744 2045 2820 2110 τὰ

701 2151 970 2234 ποτήρια
1008 2146 1320 2235 δέπαστρα
1360 2132 1705 2214 ιεαλεῖσθαι.
1793 2146 2186 2234 Ἀντίμαχος
2227 2144 2281 2212 δ’
2321 2150 2358 2212 ὁ
2399 2146 2823 2234 Κολοφώνιος

704 2252 770 2315 ἐν
798 2253 1054 2336 πέμπτῳ
1078 2246 1412 2336 Θηβαΐδος
1445 2254 1656 2335 φησίν.
1723 2246 1944 2314 Πάντα
1973 2278 2028 2315 κ.
2062 2247 2126 2314 λ.
2203 2247 2630 2312 Antimachea
2657 2246 2824 2313 lucis

700 2349 949 2436 aliquid
991 2358 1366 2414 mutuantur
1410 2370 1446 2411 a
1493 2348 1705 2414 verbis
1739 2348 2004 2435 Ulpiani
2046 2371 2150 2435 ap.
2186 2349 2423 2413 Athen.
2457 2347 2580 2414 XI.
2614 2348 2818 2436 princ.

705 2452 889 2537 Παρὰ
940 2456 1031 2538 τῷ
1084 2448 1431 2537 Ἀδράστῳ,
1481 2448 1710 2537 ἄνδρες
1762 2449 1958 2537 φίλοι,
2007 2456 2377 2527 καθίσαντες
2429 2454 2489 2517 οἱ
2544 2451 2819 2538 ἀριστεῖς

700 2549 1083 2633 δειπνοῦσιν,
1137 2574 1287 2639 quae
1333 2553 1435 2617 vel
1484 2573 1519 2615 e
1564 2552 1812 2639 cyclica
1857 2552 1957 2615 vel
2003 2552 2205 2617 nostri
2248 2552 2578 2618 Thebaide
2620 2554 2824 2641 petita

700 2664 871 2717 sunt.
961 2654 1123 2721 Inde
1170 2654 1543 2740 conjectura
1593 2654 1692 2734 fit,
1741 2654 1824 2719 ab
1869 2653 2256 2719 Antimacho
2303 2654 2663 2720 convivium
2710 2656 2822 2721 de-

698 2755 1027 2842 scriptum,
1052 2779 1181 2844 quo
1210 2756 1532 2821 Adrastus
1556 2757 1755 2821 duces
1783 2756 1865 2821 ad
1889 2757 2143 2822 Thebas
2175 2779 2392 2823 secum
2422 2758 2819 2844 profecturos

699 2858 1042 2944 exceperit.
1134 2858 1212 2921 In
1244 2856 1481 2938 Statio,
1515 2867 1589 2922 ut
1618 2858 1755 2944 jam
1790 2857 1876 2922 N.
1914 2858 2184 2923 Liiensis
2217 2858 2411 2924 Misc.
2445 2858 2686 2948 Epiph.
2723 2860 2818 2941 11,

700 2959 759 3021 7.
792 2958 953 3023 bene
982 2959 1256 3038 monuit,
1289 2958 1447 3022 nihil
1479 2958 1706 3022 horum
1745 2959 2039 3046 legimus,
2069 2958 2193 3024 nisi
2233 2960 2406 3046 quod
2438 2962 2482 3039 l,
2511 2962 2638 3026 510
2669 2984 2812 3049 sqq.

698 3059 884 3138 duoS,
910 3060 1202 3147 Tydeum
1232 3068 1298 3124 et
1338 3059 1716 3148 Polynicen,
1747 3061 2024 3146 primum
2055 3063 2463 3129 advenientes
2493 3064 2817 3131 Adrastus

697 3160 953 3246 excipit,
982 3182 1131 3224 mox
1163 3181 1380 3225 eorum
1422 3182 1572 3225 cum
1602 3160 1862 3227 filiabus
1902 3164 2162 3250 nuptias
2198 3165 2500 3243 celebrat,
2535 3165 2631 3247 11,
2662 3167 2812 3231 306.

696 3281 795 3346 sq.
884 3260 975 3325 At
1019 3261 1243 3347 epulas
1289 3283 1417 3326 non
1462 3262 1719 3327 duobus
1765 3274 2107 3352 apparatas
2148 3266 2255 3331 hie
2297 3268 2382 3331 ab
2420 3267 2815 3333 Antimacho

695 3359 991 3439 describi,
1031 3362 1153 3448 ipsi
1202 3384 1421 3427 versus
1468 3363 1767 3429 innuunt.
1861 3365 2080 3431 Multa
2127 3367 2232 3432 hic
2281 3368 2574 3455 ignorare
2622 3368 2816 3433 hodie

694 3483 810 3526 nos
841 3470 1112 3549 oportet,
1132 3485 1281 3527 cum
1311 3473 1669 3544 auctorum,
1686 3467 1800 3552 qui
1827 3467 1965 3532 baec
1995 3490 2072 3533 ex
2102 3469 2398 3533 instituto
2429 3469 2814 3550 tractarunt,

694 3564 912 3628 nullus
959 3564 1025 3628 in
1074 3566 1369 3630 manibus
1418 3567 1522 3631 sit.
1614 3567 1704 3631 At
1751 3592 1968 3634 versus
2020 3571 2130 3635 isti
2183 3571 2404 3635 leviter
2454 3572 2810 3660 refingendi

692 3673 869 3746 sunt,
902 3666 1196 3753 quamvis
1224 3664 1546 3733 lubricum
1589 3668 1675 3732 sit
1713 3670 2031 3758 attingere
2057 3672 2270 3750 verba,
2301 3696 2578 3761 quorum
2615 3676 2811 3761 junc-

690 3775 898 3831 turam
950 3768 1141 3854 plane
1188 3768 1530 3835 nescimus·
1629 3770 1709 3835 V.
1755 3773 1817 3836 2.
1863 3792 1984 3838 scr.
2034 3780 2228 3861 χεῦον
2272 3798 2322 3840 S.
2373 3783 2588 3863 χεῦαν,
2630 3780 2805 3864 quod

681 3867 1089 3953 jungendum
1140 3878 1239 3934 est
1274 3892 1423 3935 cum
1464 3874 1822 3960 κερόωντες,
1865 3884 1930 3937 et
1968 3874 2239 3962 intellig.
2283 3877 2364 3941 de
2407 3876 2806 3962 praeconibus

689 3989 801 4031 seu
842 3967 1124 4049 famuliS,
1169 3970 1251 4033 ad
1302 3994 1467 4058 quos
1514 3973 1704 4037 etiam
1753 3978 2228 4063 ἐποιχομένους,
2258 4000 2318 4039 v.
2357 3977 2412 4042 1.
2445 3978 2662 4043 malim
2712 4000 2808 4043 re-

689 4070 871 4150 ferre,
903 4093 1098 4157 quam
1143 4072 1224 4137 ad
1268 4073 1509 4139 heroeS.
1559 4076 1639 4140 V.
1671 4080 1728 4141 5.
1777 4082 2044 4145 εἶστιῶσι
2090 4080 2443 4145 secundam
2484 4081 2800 4167 syllabam

687 4172 1063 4257 productam
1109 4174 1340 4239 habere
1382 4188 1615 4262 potest,
1647 4202 1727 4243 ne
1759 4180 1917 4267 quid
1961 4191 2194 4246 mutes,
2289 4182 2424 4248 Res
2455 4206 2568 4248 seu
2597 4206 2801 4249 mores
