3125 5009
703 317 790 387 18
1297 338 1741 387 ANT1MAcm
1782 332 2187 389 amioum-3.

695 482 853 547 mihi
883 482 1100 548 videor
1137 483 1492 571 collegisse,
1521 506 1651 549 non
1694 483 2023 547 minimam
2066 478 2187 545 aevi
2232 484 2477 566 partem
2524 494 2564 539 a
2606 484 2799 562 poeta

697 583 1071 670 Colophone
1096 595 1508 651 transactam.
2086 646 2093 652 .

785 686 1031 774 Lyden,
1060 689 1162 775 cuj
1177 710 1252 753 us
1291 688 1681 753 mentionem
1728 686 1918 751 modo
1957 684 2171 771 injeci,
2202 683 2270 747 in
2308 676 2801 746 choro'femina-

691 810 837 853 rum
879 790 1033 853 olim
1074 790 1416 855 celebrium
1461 790 1679 868 fuisse,
1711 812 1791 853 ex
1836 811 1911 855 eo
1948 788 2165 851 statim
2214 783 2577 871 suspiceris,
2623 780 2798 869 quod

695 910 874 953 amor
909 890 1033 956 fuit
1062 901 1288 978 poetae.
1381 891 1586 979 Atqui
1629 892 1831 956 honor
1870 891 2011 976 ejus
2051 912 2127 954 eo
2170 885 2367 953 crevit
2404 884 2620 963 latim,
2650 902 2800 946 cum

699 1000 945 1057 amator
988 994 1311 1059 memoriae
1366 995 1518 1059 huic
1578 993 1904 1080 proprium
1957 989 2242 1067 dicasset
2297 994 2801 1052 monumentum.

701 1091 875 1158 Hinc
923 1095 1180 1176 accidit,
1223 1106 1298 1160 ut
1347 1096 1520 1184 Lyde
1565 1118 1689 1159 non
1724 1095 1917 1159 omnis
1957 1108 2203 1157 mortua
2240 1092 2345 1171 sit,
2383 1086 2806 1173 nonnullaque

698 1196 830 1280 ejus
848 1218 1006 1281 pars
1033 1194 1257 1261 vitcirit
1293 1196 1643 1263 Libitinam
1665 1222 1684 1261 .·
1730 1196 1990 1276 accidit,
2016 1195 2181 1274 dico,
2205 1194 2378 1272 hinc,
2402 1200 2477 1256 ut
2504 1190 2571 1254 in
2604 1189 2806 1276 poetis

697 1297 1051 1362 etiamnum
1103 1300 1276 1363 illius
1330 1322 1560 1364 nomen
1607 1308 1673 1364 et
1724 1300 1896 1363 fama
1946 1296 2305 1362 occurrat.²'¹‘
2418 1292 2522 1358 Ita
2564 1292 2804 1357 scimus

697 1398 916 1478 etiam,
941 1402 1219 1487 puellam
1250 1422 1329 1465 ex
1363 1401 1569 1488 Lydia
1598 1401 1798 1466 fuisse
1828 1400 2235 1477 oriundam,†
2264 1418 2537 1482 eamque
2566 1394 2802 1459 ibidem

701 1498 1048 1580 habitasse,
1077 1503 1141 1565 id
1175 1504 1349 1589 quod
1386 1504 1742 1568 narratione
1772 1504 1913 1590 jam
1962 1498 2501 1566 Hermesianactis
2531 1518 2661 1560 non
2692 1495 2806 1559 ob-

701 1622 884 1666 scure
925 1604 1237 1689 proditur.
1331 1604 1631 1669 Ceterum
1678 1614 1857 1684 sunt,
1901 1604 2011 1691 qui
2064 1604 2287 1689 Lyden
2336 1622 2465 1665 non
2512 1598 2803 1677 amicam,

701 1704 813 1765 sed
845 1727 1109 1769 uxorem
1139 1707 1510 1772 Antimachi
1543 1707 1826 1786 tradant,
1865 1706 2221 1771 Plutarcho
2262 1727 2381 1769 suo
2422 1700 2629 1785 freti,‡
2662 1699 2807 1785 qui-

782 1910 814 1941 *
858 1906 1206 1987 Posidippus
1235 1909 1291 1966 in
1324 1885 1518 1988 Epigr.
1550 1912 1625 1967 X.
1656 1909 1922 1969 Analect.
1956 1908 2212 1968 Brunck.
2238 1908 2306 1965 T.
2336 1906 2408 1964 ΙΙ.
2436 1925 2493 1983 p.
2522 1907 2620 1963 48.

945 2044 1202 2104 Ναννοῦς
1229 2042 1315 2097 καὶ
1346 2038 1531 2110 Λΰδης
1559 2041 1751 2117 ἐπίχει,
1772 2039 1889 2110 δύο,
1918 2041 2005 2096 καὶ
2031 2037 2144 2117 φέρ’
2172 2038 2438 2114 ἐραστῶν,

1023 2133 1348 2210 Μιμνέρμου
1369 2134 1456 2189 καὶ
1485 2139 1581 2190 τοῦ
1610 2134 1887 2210 σώφρονος
1912 2130 2276 2209 Ἀντιμάχου.
2309 2153 2357 2187 κ.
2388 2134 2444 2187 λ.

705 2255 878 2315 ovid.
908 2256 1078 2315 Trist.
1109 2260 1162 2316 l.
1194 2259 1251 2316 6.
1284 2257 1467 2335 princ·

945 2388 1072 2446 Nec
1098 2395 1326 2445 tantum
1358 2385 1549 2445 Clario
1581 2386 1737 2465 Lyde
1766 2385 1980 2445 dilecta
2008 2395 2223 2464 poetae,

1027 2478 1154 2536 Nec
1182 2487 1410 2537 tantum
1440 2479 1565 2537 Coo
1597 2479 1782 2537 Battis
1812 2489 2006 2537 amata
2035 2497 2139 2535 sua
2167 2487 2290 2536 est:

945 2569 1282 2627 Pectoribus
1310 2580 1595 2648 quantum
1625 2581 1687 2628 tu
1720 2570 1946 2642 nostris,
1978 2570 2160 2643 Uxor,
2190 2570 2452 2642 inhaeres,

1030 2660 1225 2738 Digna
1253 2661 1444 2721 minus
1473 2662 1702 2735 misem,
1734 2666 1851 2721 n‘on
1880 2662 2111 2721 meliore
2139 2662 2278 2721 vir0.

705 2776 964 2853 Propert.
997 2777 1076 2834 ΙΙ.
1110 2781 1206 2836 34.
1237 2782 1336 2837 45.
1371 2779 1474 2857 (al.
1509 2779 1675 2858 Eleg.
1706 2782 1835 2855 25.)

1023 2900 1112 2957 Tu
1141 2919 1257 2957 non
1287 2901 1659 2975 AntimachO,
1690 2922 1806 2961 non
1835 2902 2011 2961 tutior
2039 2902 2146 2961 ibis
2176 2903 2431 2960 Homero

703 3016 950 3074 Amante
993 3017 1212 3077 scilicet
1253 3020 1607 3099 Penelopen.
1658 3042 1713 3080 v.
1762 3020 2123 3080 Hermesian.
2172 3020 2335 3099 Eleg.
2379 3042 2433 3081 v.
2482 3024 2583 3079 29.
2626 3030 2687 3080 et
2726 3022 2804 3080 ibi

699 3115 820 3165 not.
854 3117 913 3166 et
943 3110 1217 3169 Burman.
1250 3112 1383 3170 Sec.
1417 3113 1488 3171 ad
1526 3114 1641 3173 loc.
1674 3114 1847 3191 Prop.
1880 3113 2093 3173 collato
2132 3126 2327 3173 nostro
2354 3114 2590 3174 Bartbio
2620 3114 2694 3173 V.
2728 3115 2801 3174 C.

699 3201 758 3258 in
788 3200 953 3260 Clavi
986 3202 1160 3281 Prop.
1198 3204 1468 3264 Ceterum
1500 3226 1553 3265 v.
1591 3206 1743 3265 Ptol.
1778 3204 1959 3265 Flavii
1990 3205 2314 3287 Conjectan
2345 3207 2448 3266 IV.
2480 3210 2580 3266 98.

778 3302 814 3365 †
860 3292 1234 3371 Asclepiades
1264 3297 1463 3375 Epigr.
1501 3298 1785 3356 XXXVI.
1828 3318 1922 3377 ap.
1956 3300 2211 3358 Brunck.
2259 3300 2317 3357 in
2348 3298 2518 3357 Anal.
2550 3298 2618 3356 T.
2659 3300 2705 3357 I.
2739 3320 2799 3377 p.

697 3386 855 3457 219„
885 3385 1052 3464 cujus
1080 3387 1346 3447 notitiam
1375 3388 1558 3449 debeo
1589 3389 1717 3449 Cel.
1750 3391 2101 3450 Ruhnkenio
2131 3392 2205 3451 ad
2238 3392 2499 3451 Hermes.
2536 3389 2703 3469 Eleg.
2736 3413 2797 3471 p.

696 3478 832 3535 291.

937 3558 1093 3630 Λῦδη
1122 3562 1202 3618 καὶ
1229 3564 1392 3635 γένος
1417 3564 1533 3641 εἰμι’
1561 3565 1647 3619 καὶ
1676 3561 1903 3643 οὔνομα·
1935 3574 2045 3623 τῶν
2070 3564 2115 3623 δ’
2134 3566 2247 3625 ἀπὸ
2278 3564 2495 3644 Κόδρου

1019 3658 1324 3731 Σεμνοτέρη
1353 3660 1551 3712 πασῶν
1579 3658 1688 3733 εἰμὶ
1719 3654 1785 3713 δι’
1813 3655 2185 3736 Ἀντίμαχον.

933 3741 1036 3809 Τίς
1064 3748 1175 3822 γὰρ
1203 3744 1284 3825 ἔμ’
1311 3749 1406 3803 οὒκ
1433 3748 1615 3815 ἥεισε;
1660 3753 1743 3813 τίς
1771 3752 1867 3806 οὒκ
1893 3752 2191 3817 ἀνελέξατο
2220 3749 2409 3821 Λύδην

1014 3834 1094 3893 Τὸ
1117 3838 1283 3903 ξυνὸν
1311 3843 1558 3897 Μουσῶν
1588 3841 1822 3919 γράμμα
1846 3843 1934 3898 καὶ
1965 3841 2331 3921 Ἀντιμάχου.

773 3969 798 4032 1
853 3964 1151 4023 Consolat.
1195 3966 1272 4024 ad
1323 3966 1591 4045 Apollon.
1632 3988 1691 4047 p.
1747 3970 1879 4029 106.
1926 3971 1995 4032 Β.
2037 3970 2188 4043 locO,
2232 3972 2307 4030 ab
2351 3973 2619 4031 Turnebo
2661 3972 2795 4033 inde

693 4054 996 4114 Adversar.
1026 4078 1086 4135 p.
1124 4058 1256 4117 195.
1290 4078 1326 4117 a
1354 4058 1614 4137 pluribus
1642 4060 1919 4137 adducto,
1942 4074 2000 4122 et
2018 4084 2184 4141 quem
2220 4065 2419 4123 iterum
2454 4065 2793 4143 producam,

691 4146 790 4204 ubi
819 4148 892 4205 de
921 4157 1108 4226 poetae
1137 4150 1362 4228 scriptis
1387 4151 1697 4210 dicendum
1728 4154 1850 4212 erit.
