3125 5009
675 299 762 367 12
1270 328 1719 381 ANTmAcffl
1758 332 2168 389 RELIQUIAE.

666 467 1029 553 primerent.
1123 475 1225 542 Ita
1263 478 1327 541 in
1369 480 1520 543 talis
1561 490 1769 568 poetae
1808 484 1907 547 vel
1945 481 2211 547 minutis
2252 478 2539 569 reliquiis
2572 480 2777 547 multa

663 590 1064 657 cognoscere,
1095 602 1241 666 quae
1273 582 1425 646 alibi
1454 606 1800 671 nusquam,
1824 594 2021 672 atque
2048 606 2129 649 ex
2157 583 2261 647 his
2286 582 2593 649 sermonis
2616 584 2777 647 adeo

665 670 879 739 Graeci
909 680 1161 765 copiam
1205 684 1434 749 eximie
1475 708 1707 773 augere
1752 687 1922 753 licet.
2025 686 2190 762 Quae
2238 686 2497 773 quidem
2542 684 2599 749 Si
2648 708 2777 751 una

663 785 832 839 esset
848 780 1071 865 opellae
1094 807 1252 849 meae
1277 787 1542 867 utilitas,
1565 811 1690 853 non
1710 790 1948 854 frustra
1966 787 2297 853 laborasse
2322 787 2481 851 mihi
2510 787 2775 854 viderer.

663 872 792 941 Sed
826 878 946 945 hoc
974 884 1298 969 judicium
1329 889 1413 953 sit
1441 913 1638 977 penes
1664 892 1881 978 justos
1912 892 2268 978 doctosque
2295 890 2525 955 harum
2563 913 2773 957 rerum

661 978 954 1062 arbitroS,
983 988 1224 1072 quibus
1245 1012 1394 1055 cum
1425 994 1653 1057 timore
1674 1003 1738 1058 et
1760 994 2107 1059 reverentia
2132 992 2458 1079 specimen
2477 994 2602 1059 hoc
2627 1016 2773 1081 pro-

659 1100 850 1165 pono,
881 1098 967 1164 et,
998 1097 1070 1152 ut
1100 1092 1272 1178 aequi
1302 1094 1587 1182 bonique
1610 1096 1973 1176 consulant,
2005 1096 2410 1161 vehementer
2438 1097 2650 1183 cupio.

743 1183 888 1249 Jam
939 1190 1209 1274 primum
1257 1196 1582 1275 enarrabo,
1630 1221 1779 1285 quae
1826 1200 1907 1263 de
1956 1199 2111 1278 vita,
2162 1197 2419 1263 fortuna
2462 1208 2527 1263 et
2580 1198 2769 1265 rebus

657 1287 1027 1354 Antimachi
1057 1296 1254 1359 nostri
1286 1299 1548 1384 cognita
1576 1300 1909 1381 habemuS‚
1934 1322 2329 1387 quamquam
2356 1322 2566 1386 pauca
2588 1311 2769 1384 sunt,

657 1410 804 1473 quae
834 1391 914 1456 de
944 1393 1045 1457 his
1077 1399 1352 1463 servavit
1375 1400 1747 1487 antiquitas,
1776 1424 1889 1489 per
1917 1412 2330 1467 monumenta
2358 1402 2551 1467 hodie
2580 1404 2768 1470 nobis

655 1492 931 1575 cognita.
1024 1496 1247 1562 Patria
1286 1502 1343 1564 ei
1383 1501 1505 1565 fuit
1539 1503 1693 1568 urbs
1726 1504 1924 1569 Ioniae
1956 1505 2372 1583 nobilissima,
2405 1504 2767 1593 Colophon,

653 1612 766 1655 seu
789 1592 1018 1660 Clarus
1038 1601 1266 1679 vicina,
1297 1604 1448 1683 fano
1469 1606 1788 1692 Apollinis
1808 1607 2131 1693 veterique
2152 1608 2407 1671 oraculo
2436 1608 2763 1673 celebris.*

650 1695 1022 1782 Ambigitur
1067 1702 1258 1781 enim,
1297 1714 1442 1769 utra
1483 1707 1707 1771 harum
1747 1710 1993 1773 natales
2029 1720 2234 1797 poetae
2272 1708 2523 1774 viderit.
2616 1709 2766 1776 Ple-

653 1794 831 1881 rique
880 1800 1140 1885 quidem
1201 1804 1674 1894 Colophonium
1729 1832 1877 1874 eum
1924 1812 2287 1899 appellant:
2346 1834 2475 1876 non
2525 1812 2765 1879 desunt

647 1906 883 1979 tamen,
931 1904 1042 1989 qui
1097 1905 1388 1972 Clarium
1433 1910 1671 1975 diserte
1724 1912 1972 1991 dicunt,
2023 1912 2251 1977 Cicero
2304 1923 2369 1977 et
2416 1913 2761 1995 Ovidius.†

647 1998 796 2063 Jam
837 2024 986 2067 cum
1028 2006 1096 2069 hi
1141 2008 1265 2073 loci
1306 2010 1562 2076 finitimi
1604 2035 1680 2077 ac
1722 2014 1918 2078 vicini
1961 2015 2126 2079 inter
2162 2037 2231 2079 se
2266 2015 2526 2094 fuerint,
2573 2018 2759 2085 facile

647 2101 882 2190 aliquis
903 2106 965 2168 in
992 2129 1132 2172 eam
1159 2114 1540 2178 sententiam
1571 2116 1809 2181 adduci
1833 2116 2054 2202 possit,
2078 2125 2151 2180 ut
2173 2117 2480 2183 Ovidium
2507 2119 2757 2204 poetica

642 2204 882 2271 ratione
915 2208 1202 2275 Clarium
1233 2235 1348 2299 pro
1378 2215 1783 2302 Colophonio
1812 2218 2053 2283 dixisse
2084 2228 2288 2304 putet.
2380 2217 2755 2307 Superesset

641 2327 787 2369 vero
810 2309 901 2372 sic
934 2310 1652 2407 Ciceronis'auctoritaS,
1682 2344 1850 2407 quae,
1884 2320 1937 2384 si
1968 2320 2156 2385 lectio
2181 2322 2236 2407 ej
2249 2343 2323 2385 us
2355 2322 2615 2388 omnino
2638 2346 2754 2390 ex·-

637 2408 884 2492 plorata
914 2422 979 2476 et
1009 2425 1184 2481 certa
1210 2428 1400 2500 esset,
1425 2421 1668 2484 nullam
1702 2423 1861 2486 forte
1893 2422 2235 2487 dubitandi
2268 2446 2529 2489 causam
2564 2428 2749 2493 relin-

635 2523 876 2596 queret.
969 2514 1096 2579 Sed
1147 2519 1260 2582 ubi
1309 2523 1687 2587 recentiores
1734 2522 2023 2589 Clarium
2051 2538 2306 2611 poetam
2360 2528 2603 2615 legunt,
2654 2532 2746 2599 ibi

635 2612 784 2676 olim
824 2614 888 2679 in
919 2618 1307 2685 editionibus
1337 2624 1729 2711 scripserunt
1764 2626 2045 2698 clarum,-
2092 2650 2233 2709 nec,
2276 2652 2423 2718 quae
2462 2634 2746 2719 genuina

633 2714 716 2778 sit
759 2718 1095 2805 scriptura,
1130 2724 1430 2809 equidem
1471 2726 1807 2793 decernere
1858 2730 2133 2815 ausim.‡
2224 2731 2412 2805 Quod
2466 2733 2522 2798 si
2577 2737 2744 2823 prior

631 2818 834 2883 verior
871 2832 989 2900 est,
1021 2824 1206 2888 facile
1247 2827 1380 2890 fieri
1409 2830 1643 2915 potuit,
1676 2840 1768 2910 ut,
1799 2831 1971 2897 Clari
2003 2832 2151 2898 licet
2182 2842 2396 2911 natuS,
2428 2858 2464 2900 a
2496 2840 2735 2926 majore

628 2928 692 2983 et
716 2922 1024 2988 nobiliore
1055 2926 1210 2990 urbe
1240 2927 1621 3017 Colophonii
1645 2954 1875 2997 nomen
1902 2935 2097 3022 vulgo
2122 2938 2438 3023 acceperit
2454 2964 2472 3019 3
2520 2940 2741 3028 impri-

624 3022 746 3086 mis
766 3024 820 3088 si
845 3036 1126 3112 reputeS,
1149 3032 1325 3115 quod
1349 3034 1658 3119 suspicari
1678 3036 1877 3101 multa
1896 3038 2192 3120 suadent,
2221 3062 2367 3105 eum
2392 3042 2733 3111 maximam

623 3126 830 3189 aetatis
879 3138 1124 3213 partem
1167 3132 1542 3219 Colophone
1584 3136 1813 3223 egisse.
1901 3139 2122 3227 Atque
2171 3141 2343 3207 idem
2388 3146 2735 3235 contigisse

625 3226 881 3291 videtur-
906 3228 1251 3313 NicandrO,
1282 3258 1476 3321 quem
1503 3237 1715 3325 plures
1739 3240 2213 3327 Colophonium
2238 3258 2490 3327 vocant,
2508 3272 2733 3336 quam-

617 3329 714 3392 vis
759 3329 894 3415 ipse
937 3333 1202 3421 Κλάρον
1232 3341 1575 3423 νιφόεσσαν
1604 3341 1935 3429 πολίχνην
1965 3345 2234 3431 patriam
2268 3370 2449 3413 suam
2482 3358 2731 3418 nuncu-

640 3526 2722 3560 —-—-———-———-——-

637 3670 646 3678 ·
693 3648 726 3681 ⁸*
771 3648 926 3707 Hinc
965 3650 1204 3709 Clarius
1234 3654 1469 3728 Apollo·
1568 3654 1854 3716 Cellarius
1883 3658 1961 3717 N.
1994 3660 2065 3721 O.
2089 3662 2163 3723 A.
2185 3662 2254 3722 Τ.
2290 3664 2366 3723 11.
2394 3686 2451 3745 p.
2486 3670 2584 3739 77,
2615 3667 2720 3727 ad-

609 3732 858 3812 dubitat,
899 3742 1182 3819 oppidum
1214 3743 1387 3803 fuerit
1415 3746 1643 3819 Clarus,
1674 3769 1749 3807 an
1776 3749 1943 3809 lucus
1971 3762 2199 3813 tantum
2230 3776 2392 3817 sacer
2417 3778 2553 3819 cum
2580 3760 2719 3820 fano

607 3831 721 3890 dei.
807 3834 888 3891 At
918 3839 1102 3906 πόλις,
1138 3845 1205 3893 ut
1244 3848 1481 3897 vocatur
1509 3840 1745 3917 passim,
1780 3842 1860 3902 ita
1892 3843 2003 3903 fuit
2038 3858 2191 3907 certe
2221 3849 2434 3909 Graeca
2460 3852 2516 3912 vi
2543 3872 2715 3913 voca-

545 3914 553 3925 ’
607 3924 748 3981 buli.
780 3924 856 4000 cf,
885 3926 1132 3986 Salmas.
1161 3928 1403 3989 Exercc.
1437 3931 1591 3992 Plin.
1617 3953 1672 4011 p.
1700 3936 1837 3993 604.
1872 3932 1949 3996 G.

685 4028 722 4089 †
765 4016 894 4075 Cic.
916 4008 1090 4079 Brut.
1123 4020 1162 4077 l.
1195 4042 1247 4080 c.
1336 4022 1508 4083 Ovid.
1532 4026 1702 4086 Trist.
1737 4028 1782 4087 Ι.
1817 4030 1876 4102 6,
1908 4029 1943 4087 i.
1977 4030 2077 4089 ubi
2104 4052 2159 4091 v.
2194 4033 2287 4094 Ill.
2314 4036 2541 4097 Harles.

683 4118 710 4181 Ι
755 4111 824 4167 In
861 4111 1170 4173 Ernestina
1203 4124 1393 4175 exstat
1439 4116 1729 4193 Clarium,
1775 4122 1870 4179 ubi
1914 4123 1971 4179 in
2020 4125 2169 4183 notis
2214 4131 2244 4187 ὁ
2279 4138 2585 4210 μακαρίτης
2624 4131 2704 4190 nil

599 4215 844 4262 momut.
2216 4238 2224 4245 “

3092 894 3119 1105 ’.μ-αι*
3111 780 3113 793 ,.
