3125 5009
722 316 858 385 106
1318 333 1758 384 AN'nMAcm
1797 330 2206 386 RELIQmAE.

717 485 943 549 thenes
974 483 1143 571 apud
1187 480 1510 548 Heraclid.
1546 482 1736 548 Pont.
1778 482 1845 545 in
1887 480 2167 565 Allegor.
2207 476 2465 541 Homer.
2559 472 2830 559 Καρπὸν

718 585 1115 663 Ἐλευσινίης
1156 590 1542 673 Δημήτερος.
1633 583 1756 648 Sed
1800 591 1969 647 recte
1998 580 2282 645 Achilles
2311 577 2538 641 Tatius
2575 575 2831 660 Isagog.

716 688 783 753 in
814 687 997 752 Arati
1029 688 1367 751 Phaenom.
1400 711 1468 774 p.
1505 687 1647 765 100,
1677 686 1778 750 ed.
1823 684 1863 748 J
1871 692 2044 749 untae
2074 683 2163 745 fil.
2205 682 2582 755 Ἐλευσίυης
2615 680 2839 761 Δημή-

718 819 919 877 τερος.
1012 790 1226 876 Atque
1272 790 1584 853 hactenus
1636 789 1799 852 haec.
1894 786 2352 873 Fragmentum
2401 803 2549 845 vero
2600 780 2692 843 ita
2742 778 2835 841 le-

722 915 959 979 gerim:

980 1031 1319 1114 Δήμητρός
1348 1056 1442 1093 τοι
1472 1027 1846 1104 Ἐλευσίνης
1878 1030 2008 1113 ἱερὴ
2038 1028 2126 1109 ὄψ
2174 1031 2206 1061 '²
2254 1024 2285 1056 ⁴¹*
2333 1029 2365 1062 ³*
2414 1024 2443 1055 ⁴⁵
2493 1026 2525 1058 ⁴*

978 1127 1504 1216 Δήμητρος,”τόθι
1534 1136 1728 1216 φασὶν
1761 1130 2062 1215 Ἐρινύος
2092 1127 2245 1192 εἶναι
2278 1122 2560 1203 ἔδεθλον.

722 1263 1077 1328 seeundum
1126 1285 1379 1328 versum
1423 1261 1632 1347 adjeci
1676 1282 1755 1325 ex
1795 1259 2129 1324 Arcadicis
2177 1254 2537 1331 Pausaniae,
2577 1267 2627 1335 ς.
2668 1254 2732 1330 3,
2766 1273 2830 1337 p.

720 1366 869 1429 425.
921 1365 1070 1429 Fae.
1105 1366 1213 1430 ubi
1244 1365 1505 1429 seorsim
1535 1361 2020 1429 citatur.-BL.

1668 1661 1880 1725 LVII.

1027 1920 1135 1929 —-
1176 1870 1287 1951 Ἐν
1328 1866 1391 1949 δ’
1430 1864 1711 1985 οἷδὸξοισι
1752 1864 1930 1969 χέειν
1972 1864 2283 1955 εὖῖλοιτφν
2324 1860 2524 1961 ἄλφι.

723 2091 869 2167 Qm
902 2094 984 2158 ab
1017 2092 1234 2180 Etym.
1270 2094 1366 2160 M.
1395 2094 1634 2158 citatur
1675 2115 1739 2179 p.
1782 2091 1880 2155 18.
1912 2090 1955 2154 l.
1986 2089 2092 2155 40.
2125 2088 2236 2154 ubi
2277 2110 2497 2152 vocem
2541 2085 2833 2173 exquisi-

722 2196 898 2260 tioris
929 2218 1080 2259 usus
1105 2194 1341 2282 ἄδορος
1364 2195 1667 2283 explicat,
1696 2216 1894 2281 quam
1918 2214 2030 2278 pro
2051 2202 2192 2255 utre
2218 2191 2314 2253 vel
2337 2212 2510 2253 sacco
2535 2199 2835 2274 posuerat
2878 2268 2887 2275 ·

723 2297 1148 2360 Antimachus
1172 2322 1187 2362 ε
1239 2294 1555 2384 Ἀὃόροις.
1607 2298 2154 2382 Ἀντίμαχος-ἐν
2187 2291 2242 2360 δ’
2263 2290 2440 2379 ἆδόρ.
2461 2322 2514 2358 κ.
2538 2290 2638 2357 λ.”’
2653 2293 2835 2378 Δόρυ

719 2401 847 2486 γὰρ
876 2398 1120 2486 λέγεται
1149 2401 1319 2485 παρὰ
1344 2396 1702 2485 ἐκὸεὸἇρθαι
1727 2394 1941 2483 ὃόρος·
1987 2402 2084 2461 καὶ
2117 2394 2316 2482 ὃόροι,
2340 2393 2492 2460 κατ-ἆ
2519 2393 2837 2460 πλεονασ-

715 2503 841 2585 μὸν
871 2498 1111 2587 ἄὸοροι,
1141 2501 1180 2577 ἢ
1224 2500 1363 2567 ἀντὶ
1403 2506 1515 2565 τοῦ
1559 2496 1909 2584 κακόὸοροι·
1955 2498 2160 2573 οὕτως
2205 2494 2623 2583 Ἡρωδιανός.
2717 2500 2832 2562 Λέ-

718 2630 943 2687 γονται
983 2600 1047 2668 δὲ
1094 2607 1192 2667 καὶ
1234 2600 1520 2689 κῴρυκοι,
1553 2600 1847 2681 θύλακοι,
1891 2598 2092 2666 ἀσκοί·
2145 2601 2287 2666 οἷον
2326 2600 2402 2664 οὗ
2451 2594 2832 2684 ὃεὸαρμένοι.

721 2702 1052 2767 Postrema
1098 2703 1289 2767 etiam
1339 2702 1628 2789 Hesych.
1673 2702 1869 2767 habet
1898 2725 1952 2765 v.
1985 2699 2226 2788 ἄὸοροι.
2304 2699 2508 2786 Ἀλφι
2553 2711 2617 2763 et
2658 2698 2830 2785 ὕδωρ

719 2805 1061 2891 conjungit
1089 2814 1260 2870 auct.
1288 2806 1530 2891 Hymn.
1554 2826 1759 2891 nuper
1787 2804 1946 2869 editi
1977 2804 2044 2867 in
2077 2803 2220 2868 Cer.
2253 2826 2309 2866 v.
2334 2804 2482 2869 208.
2505 2802 2616 2865 ubi
2639 2826 2696 2865 v.
2721 2801 2827 2866 Ill.

724 2906 1073 2971 Ruhnken.
1107 2906 1459 2994 Epitheton
1491 2906 1788 2973 εὐίλατον
1815 2905 2262 2992 accipiendum
2302 2905 2484 2985 forte,
2517 2904 2686 2990 quod
2703 2902 2830 2991 fa-

718 3019 921 3091 ventes
960 3020 1021 3073 et
1056 3009 1367 3096 propitios
1406 3007 1616 3072 reddit
1654 3008 1809 3072 deos
1906 3006 2066 3072 Hor.
2107 3006 2234 3071 Od.
2268 3006 2530 3085 111,·23.
2567 3009 2670 3071 20.
2693 3008 2829 3090 far

708 3110 909 3195 pium.
1001 3113 1093 3177 At
1138 3112 1204 3174 in
1255 3110 1603 3174 Ruhnken.
1648 3119 1804 3175 nota
1853 3110 2092 3195 reperio
2145 3110 2456 3195 scriptum
2498 3108 2832 3188 εὐήλατον,

719 3212 1033 3289 consultO,
1062 3234 1145 3276 an
1176 3234 1509 3297 operarum
1550 3212 1804 3290 mend0‚
1831 3211 1990 3274 mihi
2022 3233 2150 3275 non
2182 3209 2836 3275 constat.—-SCH.—

718 3312 1087 3398 Legendum
1117 3322 1276 3400 puto
1303 3310 1640 3393 εὖὴλατονζ
1663 3316 1702 3379 i.
1732 3337 1786 3379 e.
1820 3314 1882 3380 εὖ
1918 3312 2598 3398 ἆληλεσμένον.-ΒΙ..

1651 3613 1896 3679 LVIII.

962 3806 1167 3900 Ἠΰτε
1212 3847 1313 3901 τις
1351 3810 1574 3914 naun}
1613 3809 1754 3923 δύνῃ
1797 3813 1861 3905 ἐς
1899 3813 2192 3931 ἁλμυρόν
2235 3800 2596 3917 πέλαγος.

712 4030 1011 4095 vssnsum
1048 4032 1139 4095 sic
1170 4034 1495 4098 turbatum
1526 4036 1747 4101 attulit
1777 4036 1989 4102 Schol.
2021 4038 2318 4124 Apollon.
2355 4040 2480 4104 Rh.
2518 4040 2568 4119 I,
2612 4041 2822 4121 1008.,

706 4134 893 4196 verba
924 4132 1265 4210 δύπτοντες
1297 4137 1576 4222 κεφαλὰς
1607 4140 1978 4224 explicans:
2031 4143 2203 4207 Ἀντὶ
2235 4150 2346 4207 τοῦ
2374 4142 2670 4219 δύνοντες
2703 4146 2822 4220 τὰς
