3125 5009
660 332 755 399 82
1262 348 1706 397 AN'rmAcffl
1762 344 2168 401 amioum.

663 520 720 563 c.
750 496 920 564 conf.
951 496 1099 561 422.
1149 494 1369 560 Finale
1400 524 1439 562 ν
1466 494 1531 559 in
1564 494 1780 580 ἐ’λαχε,
1812 492 1988 581 quod
2013 492 2264 558 addunt
2285 491 2416 570 alii,
2437 500 2774 580 postremae

662 601 929 687 syllabae
950 620 1195 665 caesura
1216 597 1443 663 inutile
1470 598 1644 662 facit.
1736 595 1818 661 V.
1843 598 1905 661 2.
1937 596 2143 663 εἴσατο
2174 594 2476 661 Eustath.
2507 595 2550 659 l.
2579 615 2634 658 c.
2661 614 2780 658 ex-

664 702 865 789 plicat
888 699 1129 789 ·ἱδρυσε,
1157 700 1383 786 posuit.
1474 698 1638 765 Mox
1675 698 2062 764 Maussacus
2091 698 2176 762 ad
2221 696 2606 785 Harpocrat.
2637 695 2778 759 ani-

665 826 843 870 mum
874 802 1001 868 alio
1030 803 1243 867 forsan
1280 802 1600 867 intentum
1642 800 1890 883 habuit,
1921 800 2078 865 dum
2113 800 2390 864 correxit
2416 799 2779 875 Ἀσώποιο;

667 905 921 969 nullum
948 904 1187 992 quippe
1217 902 1482 968 fluvium
1527 924 1666 967 esse
1695 902 2031 990 AEsepum,
2065 911 2132 968 et
2164 902 2342 967 hunc
2376 900 2780 966 librariorum

668 1006 829 1071 vitio
868 1016 1113 1071 natum.
1203 1006 1462 1093 Asopus
1494 1005 1765 1071 Boeotiae
1807 1013 1924 1084 est,
1965 1026 2115 1069 cum
2145 1002 2428 1090 AEsepus
2457 1003 2544 1068 sit
2572 1002 2786 1089 Lyciae

672 1130 784 1173 seu
809 1107 1099 1186 TroadiS‚
1128 1108 1209 1173 de
1239 1130 1371 1194 quo
1403 1105 1598 1171 Hom.
1640 1106 1720 1170 11.
1753 1105 1830 1194 β.
1877 1106 2022 1171 825.
2069 1106 2308 1194 aliique
2339 1105 2582 1193 saepiSS.
2674 1103 2783 1168 cf.

672 1209 968 1297 Apollon.
1002 1208 1135 1273 Rh.
1182 1208 1239 1289 1,
1289 1208 1477 1272 1115.
1523 1217 1590 1273 et
1635 1207 1724 1273 ibi
1767 1206 1980 1271 Schol.
2046 1206 2128 1272 V.
2158 1209 2219 1271 4.
2266 1205 2635 1294 Ἀδρήστεια
2663 1206 2792 1292 pri-

677 1333 851 1377 mum
897 1312 1097 1399 igitur
1140 1310 1455 1397 adjective
1498 1308 1786 1387 (Adrasti
1840 1309 1990 1389 dea)
2031 1332 2112 1374 ex
2159 1319 2371 1374 mente
2415 1307 2791 1374 Antimachi

679 1414 971 1478 Nemesis
1014 1422 1241 1477 vocata
1292 1421 1410 1491 est,
1453 1411 1632 1499 quod
1690 1432 1920 1476 nomen
1963 1411 2234 1499 posthac
2279 1411 2473 1477 vertit
2528 1412 2595 1475 in
2651 1433 2796 1497 pro-

676 1513 909 1599 prium.
1002 1513 1220 1600 Atque
1264 1513 1355 1577 ita
1399 1512 1704 1578 Nemesin
1749 1514 2020 1579 eandem
2067 1513 2254 1577 deam
2296 1532 2442 1577 cum
2473 1512 2798 1577 Adrastea

678 1614 928 1696 habuit,
963 1624 1039 1679 ut
1083 1615 1371 1704 plerique
1419 1615 1549 1693 alii,
1581 1614 1774 1679 etiam
1823 1616 1988 1679 inter
2029 1614 2375 1681 Romanos.
2466 1612 2788 1679 Ammian.

680 1715 979 1780 Marcell.
1016 1715 1205 1780 XIV.
1247 1739 1310 1802 p.
1342 1718 1447 1782 34.
1476 1718 1588 1805 βά.
1635 1715 1886 1781 Ernesti
1927 1717 2010 1782 V.
2053 1716 2190 1781 Cel.
2238 1716 2566 1795 Adrastia,
2605 1737 2797 1802 quam

679 1816 979 1881 vocabulo
1010 1817 1248 1903 duplici
1271 1818 1461 1884 etiam
1507 1816 1795 1883 Nemesin
1837 1817 2248 1904 appellamus.
2343 1817 2796 1883 Grammaticis

681 1918 825 1983 aliae
855 1918 1189 1985 Adrasteae
1220 1921 1580 1986 notationes
1609 1920 1820 2009 magis
1851 1922 2246 2007 placuerunt.

1641 2256 1861 2321 XXV.

859 2474 1105 2582 Λὲχριε
1146 2472 1219 2557 δὲ
1262 2473 1573 2584 δρεπάνῳ,
1610 2472 1857 2585 τὲμνων
1897 2472 2053 2557 elwa
2086 2472 2304 2584 μήδεα
2341 2475 2603 2583 πατρὸς

858 2589 1156 2694 Οὖρωνοῧ
1186 2584 1589 2696 Ἀκμονίδεω
1629 2586 1868 2677 λάσιος
1898 2584 2134 2692 Κρόνος
2170 2584 2644 2669 ἀντιτέτυκτο.

696 2826 1116 2889 PLUTARCH.
1151 2822 1402 2898 Quaest.
1433 2823 1621 2889 Rom.
1652 2847 1714 2911 p.
1736 2826 1885 2889 275.
1917 2825 1996 2888 Α.
2047 2829 2167 2892 Διὰ
2197 2832 2258 2892 τί
2286 2832 2376 2913 τῷ
2402 2834 2516 2893 τοῦ
2550 2830 2809 2916 Κρόνου

694 2933 827 3013 ναῷ
874 2931 1153 3014 χρῶνται
1202 2930 1426 3012 ταμείῳ
1468 2930 1598 2993 τῶν
1648 2924 1969 3011 δημοσίων
2022 2930 2381 3014 χρημάτων,
2413 2930 2540 3014 ἅμα
2591 2928 2656 2997 δὲ
2710 2938 2809 2997 καὶ

696 3029 1095 3116 φυλακτηρίῳ
1122 3031 1254 3095 τῶν
1285 3026 1710 3115 συμβολαίων
1736 3053 1752 3109 ;
1810 3032 2095 3117 Πότερον
2126 3033 2220 3096 ὅτι
2252 3028 2412 3107 δόξα
2441 3043 2681 3119 κατεῖχε
2711 3038 2811 3100 καὶ

697 3130 926 3217 λόγος,
978 3131 1095 3196 οὐκ
1153 3129 1309 3199 εἶναι
1366 3129 1746 3205 πλεονεξίαν
1799 3136 1866 3199 ἐν
1923 3130 2291 3220 ἀνθρώποις
2349 3131 2494 3201 οὐδὲ
2550 3131 2815 3214 ἆὸικίαν,

699 3233 957 3318 Κρόνου
998 3230 1486 3318 βασιλεῦοντος,
1530 3231 1706 3299 ἀλλὰ
1751 3239 1964 3301 πίστιν
2011 3240 2107 3301 καὶ
2148 3232 2590 3314 ὃικαιοσῦνηνς
2637 3237 2676 3312 ἢ
2719 3240 2815 3304 ὅτι

697 3336 956 3418 καρπῶν
996 3331 1241 3420 ἀρετῆς,
1284 3332 1325 3408 ἢ
1370 3338 1687 3420 γεωργίας
1729 3336 1984 3421 ἡγεμὼν
2033 3340 2070 3401 ὁ
2111 3338 2300 3415 &dg-3
2345 3335 2424 3402 ‘H
2473 3339 2600 3425 γὰρ
2648 3338 2818 3425 ἅρπη

696 3438 884 3503 τοῦτο
924 3438 1226 3517 σημαίνει,
1268 3439 1365 3499 καὶ
1409 3435 1559 3522 οὐχ,
1605 3437 1693 3511 ὡς
1741 3440 2059 3524 γέγραφεν
2095 3436 2509 3526 Ἀντίμαχος,
2537 3437 2819 3527 Ἡσιόδῳ

698 3535 1094 3617 πειθόμενος·
1146 3536 1370 3620 Λὲχριε
1400 3564 1455 3600 κ.
1499 3534 1563 3600 λ.
1661 3536 1866 3601 Locus
1915 3536 2202 3618 Hesiodi,
2249 3540 2363 3625 qui
2415 3539 2815 3627 designatur,

699 3645 797 3699 est
826 3636 894 3698 in
927 3636 1172 3722 Theog.
1208 3660 1265 3699 v.
1305 3636 1449 3701 160.
1484 3660 1655 3725 sqq„
1686 3638 1798 3702 ubi
1839 3640 2058 3705 fabula
2098 3641 2181 3707 de
2213 3640 2379 3707 Coeli
2421 3641 2814 3730 genitalibus

698 3758 739 3801 a
769 3735 986 3801 Crono
1027 3738 1159 3802 filio
1190 3738 1490 3804 exsectis.
1584 3739 1661 3803 In
1691 3740 1977 3805 versibus
2021 3742 2171 3808 hinc
2202 3744 2516 3829 expressis
2560 3756 2817 3809 senten-

700 3838 858 3901 tiam
887 3860 1016 3917 non
1063 3840 1322 3903 omnino
1361 3842 1620 3928 assequi
1661 3841 1832 3923 licet,
1864 3866 2010 3908 cum
2051 3843 2290 3910 divulsi
2329 3845 2460 3910 sint
2500 3869 2541 3911 a
2569 3848 2838 3937 reliqua‘

702 3940 1005 4023 oratione.
1097 3940 1177 4003 In
1220 3942 1423 4027 primo
1474 3944 1691 4007 statim
1742 3946 2187 4032 corrigendum
2237 3957 2397 4035 puto
2439 3949 2669 4039 λεχρῖα
2715 3952 2818 4017 vel

701 4042 946 4131 λέχρις,
979 4042 1157 4130 quod
1195 4044 1569 4109 adverbium
1615 4045 1934 4133 Apollonii
1967 4048 2097 4114 Rh.
2131 4052 2574 4116 auctoritatem
2617 4053 2819 4119 habet

704 4142 837 4223 111,
862 4144 1033 4223 238„
1064 4143 1173 4209 ubi
1207 4142 1416 4210 Schol.
1452 4151 1514 4214 ἐκ
1542 4147 1848 4234 πλαγίου.
1944 4152 2048 4215 An
2089 4153 2210 4219 hoc
2254 4154 2412 4219 forte
2454 4153 2533 4219 ad
2577 4155 2818 4244 λόχον,
