3125 5009
967 350 1235 403 women
1274 304 1671 401 ΕΡΙεΤοιΑ.Ι
2338 333 2384 401 3

265 516 388 559 seu
441 506 774 583 poetarum
831 498 1284 587 interpretibus
1330 500 1586 580 dicitur,
1648 522 1918 587 quorum
1978 501 2229 588 proprie
2287 511 2388 567 est

261 592 640 680 παράδοσις.
745 595 888 661 Hoc
929 619 1011 662 ex
1061 597 1387 667 Eustathii
1443 599 1719 664 lectione
1768 598 1913 663 Tibi
1967 601 2191 664 tritum
2244 622 2385 666 esse

265 698 507 776 potest,
538 692 842 782 facitque,
869 703 1096 774 utres,
1126 695 1209 760 ab
1237 695 1629 761 Antimacho
1658 718 1760 783 ap.
1794 696 2011 762 Schol.
2043 698 2318 785 prodita,
2348 721 2385 764 e

263 794 724 871 commentario
746 794 972 859 critico
1003 795 1203 882 petita
1231 794 1430 859 videri
1461 795 1708 860 debeat.
1801 794 1905 859 Ita
1924 796 2183 861 demum
2205 796 2385 862 vides

263 910 548 976 anguem
595 892 663 957 in
713 892 909 959 herba
959 891 1294 957 latentem!
1386 892 1517 967 Qui
1561 891 1617 957 si
1643 891 1821 982 prius
1862 893 2153 979 objectus
2190 903 2382 977 esset,

264 988 484 1052 minus
520 989 1105 1078 circumspexisseS,
1148 999 1327 1077 puto,
1365 998 1743 1078 auctorem„
1767 990 1883 1079 qui
1928 989 2149 1055 Suidae
2188 992 2380 1057 fidem

263 1085 641 1153 infirmaret.
733 1088 1044 1157 Invenisti
1085 1087 1184 1153 Tu
1225 1088 1488 1175 quidem
1527 1088 1891 1153 Tatianum.
1984 1088 2188 1155 Modo
2216 1090 2384 1175 vide,

263 1204 350 1248 ne
388 1184 765 1267 intestabili,
803 1196 918 1251 aut
951 1185 1170 1253 dubiae
1203 1186 1605 1251 auctoritatis
1644 1186 1815 1266 testi,
1854 1186 2055 1251 alium
2094 1208 2385 1274 opponas

264 1304 454 1369 aeque
471 1282 918 1365 intestabilem,
936 1285 1137 1371 quod,
1157 1284 1310 1349 utin
1333 1283 1490 1365 soro,
1511 1286 1607 1349 ita
1626 1284 1695 1348 in
1714 1284 2002 1365 historia,
2025 1285 2229 1350 facere
2253 1306 2385 1351 non

262 1380 440 1446 licet.
534 1380 744 1462 Certe,
771 1383 824 1451 si
855 1383 936 1449 de
967 1382 1273 1471 singulari
1305 1382 1467 1447 libro
1491 1382 1858 1447 Antimacbi
1884 1405 2080 1470 super
2104 1382 2385 1449 Homero

261 1478 576 1545 Tatianus
603 1480 1060 1571 intelligendus
1089 1489 1210 1561 est,
1237 1488 1312 1545 ut
1341 1480 1617 1562 videtur,
1644 1481 1950 1567 equidem
1982 1481 2211 1568 quovis
2240 1481 2385 1569 pig-

263 1598 420 1641 nore
457 1579 910 1659 contenderim,
952 1579 1324 1666 scriptorem
1374 1577 1480 1643 hic
1523 1600 1650 1643 non
1691 1579 1907 1643 minus
1944 1600 2081 1644 esse
2126 1579 2384 1659 salsum,

265 1696 468 1762 quam
495 1677 563 1740 in
591 1699 688 1757 eo,
711 1678 888 1765 quod
921 1677 1246 1743 Herodoto
1273 1676 1578 1741 historico
1602 1676 1866 1741 Homeri
1885 1676 2111 1743 Vitam
2134 1677 2380 1742 tribuit.

267 1773 332 1837 N
337 1796 443 1838 am
481 1767 793 1864 scriptum
837 1776 1025 1856 illud,
1068 1773 1383 1841 Herodoti
1411 1774 1675 1840 nomine
1700 1775 2061 1862 vulgatum,
2088 1783 2155 1841 et
2182 1796 2387 1861 nuper

265 1872 616 1938 admodum
653 1896 693 1939 a
721 1873 999 1941 Woodio
1037 1872 1401 1953 defensum,
1441 1872 1594 1952 scis,
1636 1894 1771 1960 qua
1810 1894 1942 1937 una
1975 1873 2217 1937 ratione
2246 1873 2385 1937 vin-

202 1984 212 1991 “
265 1992 436 2051 cam,
486 1971 711 2038 miselli
766 1971 1196 2059 ludimagistri
1255 1982 1322 2037 et
1373 1970 1623 2035 serioris
1677 1970 1889 2035 aetatis
1944 1969 2169 2036 foetum
2221 1992 2384 2050 esse,

265 2069 559 2156 ejusdem
609 2071 759 2151 fere,
814 2093 964 2159 quae
1019 2069 1362 2135 Certamen
1411 2068 1673 2134 Homeri
1724 2077 1791 2133 et
1840 2066 2107 2132 Hesiodi
2156 2068 2386 2134 viderit

263 2178 513 2234 natum.
605 2169 886 2235 Libellus
931 2168 1101 2233 enim
1136 2190 1178 2234 a
1215 2166 1470 2232 nemine
1513 2166 1952 2255 antiquiorum
1978 2176 2384 2249 memoratur,

265 2267 386 2355 qui
424 2268 488 2331 in
537 2276 723 2332 tanta
763 2267 1164 2333 dubitatione
1211 2266 1294 2330 de
1343 2264 1622 2332 Homero
1662 2288 1805 2343 su0,
1852 2264 1907 2329 si
1952 2263 2383 2351 antiquissimi

267 2366 558 2432 historici
597 2365 1045 2433 auctoritatem
1087 2361 1490 2451 reperissent,
1529 2363 1700 2428 hanc
1736 2372 1905 2429 certe
1950 2362 2211 2426 minime
2250 2384 2385 2426 om·-

267 2465 453 2529 nium
497 2464 847 2551 neglecturi
897 2463 1097 2529 fuisse
1151 2462 1507 2526 videantur.
1606 2460 1760 2540 Sed,
1806 2483 1886 2525 ne
1938 2460 2064 2524 isto
2123 2458 2384 2525 Scholio

267 2563 518 2629 diutius
556 2562 646 2627 Te
687 2584 932 2645 vexem,
974 2583 1104 2627 non
1145 2560 1304 2624 adeo
1333 2560 1740 2647 proprietatis
1770 2558 2114 2651 diligentes
2156 2557 2223 2620 in
2254 2580 2385 2623 ser-

269 2683 460 2728 mone
505 2682 624 2725 suo
667 2660 1031 2727 scholiastae
1083 2667 1258 2737 sunt,
1305 2667 1380 2721 ut
1421 2657 1536 2721 tali
1576 2666 1955 2744 argumento
1994 2655 2115 2720 niti
2156 2655 2381 2741 possis.

271 2762 492 2850 Atque
519 2759 690 2823 idem
723 2758 983 2824 verbum
1013 2753 1424 2844 παραδιδόναι
1451 2755 1533 2819 de
1563 2755 1770 2843 poetis
1799 2753 2036 2841 legitur
2061 2753 2127 2816 in
2152 2752 2382 2816 iisdem

269 2858 488 2925 Schol.
527 2858 611 2922 ad
661 2857 738 2921 Il.
781 2886 846 2945 γ.
887 2856 1038 2935 314,
1080 2854 1192 2920 ubi
1221 2852 1499 2940 ‘'Euri-opu
1532 2853 1963 2927 ’Λπόλλωνος
2002 2854 2146 2919 υἱὸν
2185 2879 2385 2939 παρα·-

272 2957 534 3026 δίδωσιν
570 2954 864 3044 Ἴβυκος,
915 2958 1038 3021 διε.
1085 2952 1440 3039 eodemque
1493 2952 1687 3017 modo
1733 2973 1838 3037 ap.
1881 2949 2183 3036 Apollon.
2230 2948 2381 3012 Lex.

278 3056 474 3122 Hom.
508 3079 566 3119 v.
600 3054 886 3122 Μολίονε
914 3054 996 3119 de
1029 3050 1316 3125 Hesiodo
1345 3049 1709 3114 adhibetur.
1811 3047 1983 3112 Nam
2014 3068 2131 3111 cur
2156 3046 2244 3110 ibi
2277 3045 2383 3110 cl.

275 3156 675 3220 Villoisonus
717 3175 831 3239 pro
874 3148 1180 3226 Ἠσίοδος
1230 3157 1434 3213 tentet
1478 3144 1902 3235 Ἡλιόδωρος,
1948 3166 2212 3211 causam
2254 3165 2386 3207 non

275 3254 488 3335 vide0,
519 3274 728 3340 neque
757 3251 896 3339 ipse
921 3248 1241 3339 apposuit.

367 3352 480 3416 Sic
504 3352 820 3416 hactenus
847 3348 1010 3412 nihil
1037 3346 1275 3425 obstat,
1295 3367 1428 3433 quo
1457 3344 1671 3408 minus
1694 3339 2152 3428 Antimachum
2177 3361 2389 3426 gram·-

281 3453 592 3518 maticum
619 3472 660 3514 a
695 3458 885 3535 poeta
920 3445 1062 3511 Tuo
1091 3444 1414 3509 diversum
1453 3451 1521 3507 et
1563 3440 1976 3528 posteriorem
2016 3437 2392 3502 habeamus.

281 3552 394 3631 Et,
435 3558 512 3614 ut
545 3548 644 3612 Tu
686 3546 994 3635 praeclare
1033 3542 1274 3622 vidisti,
1319 3562 1629 3630 magnum
1676 3538 1763 3601 rei
1811 3544 2201 3602 momentum
2245 3534 2391 3621 ipsa

279 3660 442 3717 aetas
485 3647 704 3726 habet,
749 3665 880 3732 qua
919 3642 1082 3707 vixit
1127 3650 1336 3727 poeta,
1393 3649 1465 3704 ut
1510 3659 1645 3726 qua
1694 3633 2129 3723 grammaticae
2178 3653 2390 3719 neque

277 3746 588 3838 professio
639 3766 757 3809 nec
799 3762 1034 3807 nomen
1080 3738 1330 3804 Graecis
1381 3751 1516 3802 erat
1561 3735 1912 3822 cognitum.
2004 3730 2175 3795 Nam
2214 3731 2387 3817 quod

279 3846 606 3912 interdum
629 3842 804 3907 illius
826 3840 950 3905 aevi
975 3848 1089 3903 aut
1113 3836 1336 3925 prioris
1353 3835 1516 3901 adeo
1535 3831 1952 3921 scriptoribus
1975 3827 2393 3916 grammatica

281 3946 525 4032 scripta
569 3940 1003 4027 assignantur,
1031 3937 1099 4000 id
1145 3934 1392 4001 levitati
1442 3955 1552 3997 seu
1595 3930 1871 3996 inscitioe
1901 3937 2237 3994 auctorum
2275 3926 2394 3990 im·

279 4042 579 4134 putabis3
613 4049 686 4103 ut
715 4061 772 4102 v.
799 4060 855 4103 c.
882 4036 1210 4122 Diogenes
1243 4033 1449 4097 Laert.
1477 4029 1846 4095 Democrito
1868 4026 2124 4092 criticos
2146 4024 2396 4110 aliquot

285 4142 562 4219 libellos,
591 4146 658 4203 et
689 4136 750 4200 in
781 4135 906 4215 his,
929 4133 982 4198 si
1009 4131 1135 4197 Dis
1158 4132 1389 4220 placet,
1414 4130 1608 4194 etiam
1633 4125 2121 4191 Onomasticum
2149 4121 2397 4185 tribuit.

287 4246 392 4309 De
450 4234 842 4305 Antimacho
906 4240 1146 4311 autem,
1217 4228 1470 4294 accedit
1529 4226 1706 4312 quod
1766 4223 2015 4289 nullum
2072 4227 2397 4284 auctorem
