3125 5009
1218 371 1468 419 THEBA
1483 373 1565 421 is.
2358 349 2454 418 65

1324 618 1443 682 1V.

654 834 767 845 —-
805 782 880 866 οἷ’
909 788 968 867 οἷ
1008 785 1169 869 ἕσαν
1206 790 1693 897 &macheda-om
1731 787 2131 884 αἷπαλῆων.

322 954 559 1022 ETYM.
612 959 709 1023 M.
755 984 817 1048 p.
864 962 1007 1043 189,
1054 965 1094 1029 l.
1145 965 1204 1029 6.
1298 965 1716 1052 Βασιλεῦτωρ·
1762 967 1932 1052 παρὰ
1980 966 2054 1030 τὸ
2101 965 2442 1031 Βασιλεΰω.

318 1058 705 1149 Ἀντίμαχος
744 1068 810 1131 ἐν
855 1068 1072 1154 πρώτῃ
1120 1065 1627 1153 Θηβαΐδος·--οἰ’
1667 1071 1726 1135 οἶ
1769 1098 1813 1134 ε.
1855 1066 1932 1154 β.
1972 1096 2034 1133 α.
2125 1068 2442 1132 Ultimum

319 1182 537 1227 versus
591 1167 969 1232 vocabulum
1026 1171 1443 1257 depravatum
1498 1170 1760 1235 refinxit
1806 1169 2108 1256 Sylburg.
2157 1170 2225 1232 in
2266 1174 2447 1236 αἶπο-

314 1261 515 1341 λιῆωυ
559 1276 675 1333 aut
723 1269 1115 1348 α’σπαλιήωυ.
1206 1270 1331 1335 Sed
1384 1272 1467 1335 ad
1516 1272 1787 1336 ductum
1838 1271 2196 1335 litterarum
2247 1271 2437 1357 longe

313 1367 569 1453 propior
591 1379 701 1435 ‘est
740 1373 1108 1458 conjectura
1142 1374 1359 1461 magui
1389 1373 1846 1455 Valckenaerii,
1887 1374 1970 1437 ad
2009 1372 2319 1439 Herodot.
2349 1374 2436 1455 V,

314 1469 416 1551 68,
447 1473 812 1560 reponentis
843 1476 1233 1564 Αἶγιαλήων.
1312 1475 1560 1564 Nempe
1591 1475 1930 1563 Αἶγιαλῆες
1961 1499 2073 1541 seu
2107 1476 2435 1563 Αἰγιαλέες

312 1574 559 1662 proprie
616 1576 775 1643 dicti
831 1578 985 1655 olim
1034 1579 1281 1660 Achaei,
1332 1580 1921 1667 septemtrionalem
1972 1589 2037 1643 et
2093 1579 2434 1643 littoralem

316 1675 740 1765 Peloponnesi
790 1689 1035 1766 partem
1080 1682 1449 1762 incolentem,
1497 1704 1648 1769 quae
1697 1703 1842 1768 pars
1893 1682 2167 1768 etipsa,
2213 1690 2438 1768 postea

310 1779 579 1861 Achaia,
634 1782 913 1870 primum
966 1783 1300 1851 dicebatur
1358 1785 1671 1871 Αἰγιαλός
1726 1785 1990 1864 (littus.)
2065 1784 2199 1848 Res
2257 1792 2434 1847 nota.

314 1882 729 1972 Quamquam
757 1888 1047 1951 nonnulli
1076 1889 1337 1953 nomina
1356 1888 1485 1953 ista
1506 1890 1588 1953 ab
1607 1887 1904 1975 AEgialeo
1936 1887 2126 1951 heroe
2156 1894 2433 1971 repetere

311 1987 695 2053 maluerunt.
740 1987 1070 2054 Interdum
1094 1999 1312 2056 tamen
1339 2000 1545 2077 poetae
1575 1990 1748 2054 idem
1774 2009 2007 2054 nomen
2039 1987 2429 2075 Αἷγιαλῆων,

309 2089 480 2156 sicut
525 2090 843 2156 Homerus
888 2092 1299 2172 Achaeorum,
1342 2092 1777 2157 adhibuerunt
1835 2112 2025 2155 sensu
2075 2090 2306 2168 latiori,
2358 2100 2431 2152 ut

309 2202 531 2257 auctor
553 2192 769 2257 Carm.
800 2194 1023 2258 XXV.
1051 2195 1212 2259 inter
1230 2194 1608 2259 Theocritea
1634 2217 1690 2257 v.
1724 2193 1866 2272 174,
1889 2194 2030 2257 loco
2055 2214 2094 2255 a
2118 2190 2426 2255 Valcken.

301 2294 443 2381 jain
470 2296 885 2362 citato—De
914 2320 1053 2363 voc.
1102 2296 1504 2385 βασιλεΰτωρ
1535 2319 1595 2361 v.
1628 2296 1707 2361 ad
1741 2294 1848 2359 Fr.
1885 2292 2253 2358 XXXVII.

1327 2625 1411 2690 V.

1031 2836 1251 2936 Τύὸης
1292 2839 1355 2918 τ’
1398 2834 1722 2933 Οἶνεῖὃης.

315 3075 681 3139 ΡΒιεοιΛΝ.
714 3064 1069 3141 Comment.
1100 3073 1572 3163 grammat.VI.
1606 3097 1667 3161 p.
1697 3073 1847 3153 211,
1878 3073 1980 3137 ed.
2015 3072 2213 3137 Basil.
2245 3074 2426 3154 1545,

307 3178 448 3244 haec
476 3187 695 3243 notat:
752 3178 833 3243 In
862 3200 975 3243 eus
998 3177 1223 3243 Graeca
1253 3190 1420 3256 sunt,
1451 3188 1511 3241 et
1544 3177 1856 3241 mutantia
1892 3200 1968 3242 us
2009 3177 2078 3239 in
2117 3176 2137 3239 i
2161 3158 2432 3263 jaciunt

302 3283 667 3370 genitivum,
726 3294 799 3347 ut
850 3282 949 3347 hic
1009 3281 1273 3369 Tydem,
1324 3282 1509 3367 hujus
1568 3279 1780 3367 Tydei.
1875 3279 1957 3344 In
2007 3280 2428 3366 hujusce-modi

307 3395 512 3451 tamen
543 3385 973 3450 terminatione
1002 3385 1281 3471 quaedam
1310 3384 1712 3447 inveniuntur
1739 3383 2080 3447 mutatione
2102 3404 2215 3446 eus
2246 3381 2429 3467 diph-

308 3490 527 3577 thongi
563 3489 629 3553 in
671 3495 738 3553 es
784 3488 1035 3575 longam
1071 3486 1359 3572 prolata,
1402 3496 1475 3549 ut
1512 3484 1880 3572 Ἀχιλλεὺς,
1913 3483 2220 3573 Achilles,-
2269 3493 2430 3570 Περ-

312 3597 478 3672 σεὺς,
520 3592 774 3661 Perses,-
817 3589 1181 3669 Ὀδυσσεὺς,
1224 3588 1489 3674 Ulysses.
1585 3587 1666 3650 In
1705 3610 1825 3673 quo
1860 3585 2065 3651 Dores
2093 3587 2426 3672 sequimur,

311 3696 421 3783 qui
458 3719 580 3782 pro
616 3695 867 3775 Φιλεὺς,
906 3692 1111 3771 Φίλης
1154 3694 1228 3771 (f.
1277 3692 1447 3766 Φυλ)
1487 3702 1547 3755 et
1584 3713 1708 3776 pro
1753 3692 2046 3777 Ὀρφεὺς,
2071 3690 2326 3776 Ὀρφης
2355 3700 2427 3753 et

298 3797 554 3887 ’Όρφην
592 3799 807 3863 dicunt
841 3819 964 3883 pro
1014 3792 1269 3874 Τυδεὺς,
1316 3792 1542 3872 Τΰὸης.
1638 3791 1745 3856 Sic
1795 3791 2204 3856 Antimachus
2252 3792 2318 3854 in
2367 3792 2422 3855 Ι.

318 3900 661 3982 Thebaidos
708 3900 915 3980 Τύὃης
965 3928 1029 3965 τε
1080 3895 1368 3975 Οἶνείὸης
1418 3904 1564 3976 (scr.
1618 3897 1670 3961 τ’
1720 3900 1861 3961 Οἷυ.
1917 3904 1990 3958 ut
2045 3892 2243 3974 dedi).
2333 3893 2426 3959 Et

308 3988 659 4071 vocativum
712 4007 779 4069 in
822 4028 857 4070 e
899 4002 1316 4089 productam.-
1380 4002 1510 4068 Τὸν
1560 4004 1658 4065 καὶ
1711 3998 2052 4085 ζωγρήσας
2103 4001 2426 4083 προσέφης

314 4107 564 4188 Οἰνείὸη
595 4107 784 4187 Τΰὸη,
812 4118 963 4173 teste
994 4105 1360 4171 Herodiano
1389 4104 1455 4167 in
1488 4104 1542 4166 Ι.
1583 4100 2069 4166 Catholicorum.
2121 4098 2429 4163 Similiter

319 4204 569 4293 [byca-8,
614 4209 819 4293 ὄνομα
867 4206 1101 4273 κλυτὸν
1131 4203 1386 4291 Ὄρφην
1432 4202 1613 4265 dixit.
1703 4200 1839 4263 Ser.
1881 4200 1924 4263 f.
1971 4197 2427 4283 ὀνομακλυτὸν,

1348 4327 1387 4368 L
