3125 5009
729 328 826 399 46
1334 343 1780 395 ANTlMAcm
1819 342 2220 399 RELIQUIAE.

728 508 958 587 potest.
1037 498 1225 563 Certe
1247 508 1391 585 post
1415 497 1588 561 illius
1612 505 1897 582 tempora
1915 494 2141 559 iterum
2158 494 2551 559 celebratum
2578 501 2827 581 poetam

729 602 1043 668 videmuS.
1111 601 1276 665 Tum
1299 599 1469 665 enim
1504 599 1823 679 Zoticum,
1857 596 2098 662 Plotini
2127 596 2528 678 familiarem,
2559 596 2831 683 legimus

729 727 961 770 novam
1001 704 1425 769 recensionem
1468 700 1839 766 Antimachi
1886 699 2263 780 instituisse,
2292 700 2496 764 aliove
2538 699 2729 764 modo
2772 700 2832 764 ei

729 805 1128 871 emendando
1173 806 1461 871 criticam
1510 826 1765 891 operam
1814 800 2145 866 navasse!
2253 800 2389 865 Nec
2438 822 2564 867 non
2612 802 2831 865 eodem

723 909 939 973 seculo
966 907 1316 995 Longinus„
1341 905 1917 972 excellentissimus
1934 904 2314 991 scriptorum
2328 903 2562 990 judex,
2582 913 2831 990 poetam

728 1011 1095 1091 illustravit,
1140 1011 1370 1098 glossis
1422 1012 1585 1096 ejuS,
1630 1019 1705 1074 ut
1752 1009 2024 1088 videtur,
2072 1007 2382 1095 singulari
2420 1008 2585 1073 libro
2636 1008 2835 1094 expli-

731 1113 965 1191 catis.†
1047 1112 1179 1177 Sed
1222 1113 1382 1192 haec,
1414 1113 1671 1200 aliaque
1715 1112 1954 1198 scripta
1996 1110 2126 1175 huc
2173 1109 2573 1197 pertinentia,
2617 1109 2685 1173 in
2733 1109 2835 1174 his

735 1215 1032 1303 Dionysii
1065 1215 1434 1295 Phaselitae,
1466 1214 1909 1295 Grammatici,
1941 1215 2323 1301 opusculum
2353 1213 2433 1277 de
2463 1212 2833 1278 Antimachi

730 1317 971 1403 poesi,‡
1027 1339 1159 1381 una
1201 1338 1350 1381 cum
1395 1316 1552 1403 ipsis
1598 1316 1989 1381 carminibus
2034 1325 2262 1402 poetae,
2306 1315 2467 1379 adeo
2519 1312 2837 1399 absorpsit

731 1419 970 1483 flumen
999 1418 1359 1497 oblivionis,
1394 1429 1464 1482 ut
1491 1417 1683 1483 hodie
1715 1439 1845 1483 non
1875 1418 2000 1482 nisi
2032 1418 2286 1483 tabulas
2316 1416 2556 1505 passim
2586 1438 2837 1503 sparsas

731 1522 1138 1607 multumque
1168 1542 1513 1585 concussas
1541 1520 1908 1607 conspicere
1937 1520 2190 1604 liceat.§

820 1621 920 1685 Ad
965 1621 1084 1686 has
1125 1621 1428 1709 reliquias
1466 1644 1641 1686 nunc
1687 1645 2050 1710 pergamus,
2098 1622 2339 1709 quibus
2386 1620 2833 1709 disquisitione

733 1724 857 1787 hac
904 1723 1240 1810 proludere
1293 1723 1631 1788 voluimus,
1742 1723 1913 1789 Sunt
1972 1724 2073 1789 hae
2135 1724 2419 1811 quidem,
2467 1724 2521 1789 si
2572 1746 2835 1810 operum

731 1826 1241 1912 magnitudinem
1291 1835 1356 1890 et
1393 1826 1631 1890 famam
1680 1836 1932 1913 spectes
1972 1849 2125 1891 sane
2169 1826 2326 1891 satis
2364 1825 2584 1906 exileS,
2626 1827 2839 1913 plures

732 1940 945 1992 tamen
975 1950 1169 2006 nunc,
1201 1951 1394 2015 quam
1425 1938 1614 1993 antea
1642 1929 1779 2014 ipse
1803 1929 2020 2016 colligi
2046 1951 2232 2016 posse
2253 1928 2581 2015 putabam,
2600 1928 2840 2015 quippe

734 2054 882 2116 quae
911 2031 993 2094 ad
1025 2030 1455 2095 centenarium
1486 2053 1825 2095 numerum
1863 2031 2147 2118 proxime
2178 2032 2514 2096 accedunt.
2608 2030 2839 2117 Neque

730 2144 945 2196 tamen
981 2132 1227 2212 dubito,
1256 2132 1436 2219 quin,
1467 2132 1522 2195 si
1552 2134 1635 2197 ab
1664 2133 1788 2197 alio
1818 2133 2099 2198 doctiore
2128 2142 2193 2199 et
2220 2134 2286 2197 in
2330 2142 2614 2198 veterum
2658 2132 2837 2197 libris

731 2234 939 2320 magis
976 2244 1220 2299 versato
1263 2234 1371 2299 hic
1415 2235 1595 2299 labor
1639 2246 1978 2322 susceptus
2024 2245 2216 2317 esset,
2252 2236 2627 2302 fasciculum
2669 2236 2843 2323 frag-

728 2345 1086 2400 mentorum
1127 2335 1276 2400 hinc
1318 2336 1465 2400 inde
1504 2337 1850 2423 pleniorem
1890 2338 2269 2403 haberemus
2309 2349 2374 2405 et
2412 2341 2603 2427 longe
2644 2340 2840 2405 etiam

731 2437 1071 2502 meliorem.
1163 2437 1287 2502 Sed
1323 2439 1389 2502 in
1417 2440 1661 2527 magnis
1685 2439 1949 2505 voluisse
1976 2451 2076 2505 sat
2106 2444 2244 2505 erit.

730 2690 1146 2759 doctissimum,
1179 2692 1498 2762 Movlines,
1537 2700 1636 2749 sur
1673 2692 1755 2751 les
1780 2693 1949 2752 livres
1987 2694 2327 2754 Catacriens
2365 2706 2495 2774 post
2516 2696 2837 2755 versionem

732 2781 890 2842 Gall.
924 2783 1161 2869 Scriptt.
1197 2784 1352 2843 Hist.
1383 2784 1535 2860 Aug.
1570 2785 1872 2857 minorum,
1900 2786 2110 2845 editam
2147 2788 2336 2847 Berol.
2376 2791 2548 2848 1783.
2581 2792 2710 2847 8v0.

812 2874 843 2906 ¹*
887 2875 960 2933 V.
996 2875 1276 2955 Porphyr.
1309 2876 1428 2935 Vit.
1463 2876 1675 2935 Plotini
1704 2898 1757 2936 c.
1794 2882 1847 2936 7.
1876 2898 1933 2956 p.
1973 2882 2102 2938 104.
2130 2880 2223 2939 ed.
2259 2880 2527 2953 Fabricii,
2554 2881 2831 2960 quiBibl.

733 2966 836 3025 Gr.
867 2966 968 3027 lib.
1003 2967 1104 3027 lV.
1137 2968 1283 3045 parti
1313 2968 1393 3027 11.
1425 2969 1705 3047 scriptum
1734 2969 1989 3030 inseruit.

813 3068 849 3130 ‘l'
894 3063 1084 3129 Λέξεις
1102 3060 1476 3141 Ἀντιμάχου.
1509 3082 1562 3121 v,
1598 3062 1765 3123 Suid.
1797 3085 1850 3122 v.
1885 3071 2197 3141 Λογγῖνος.
2286 3066 2417 3126 Hac
2446 3086 2506 3125 re
2534 3068 2846 3128 confirma-

729 3162 854 3209 tum
885 3152 1026 3211 illud
1056 3152 1257 3224 habeS,
1287 3154 1441 3232 quod
1471 3154 1592 3212 dixi
1618 3155 1692 3214 de
1720 3156 1968 3216 obscuro
2006 3176 2268 3218 sermone
2305 3158 2507 3231 nostri,
2537 3170 2597 3219 et
2627 3160 2843 3240 passim

729 3244 934 3319 glossis
960 3243 1256 3304 distinct0.
1340 3245 1570 3307 Glossae
1598 3248 1775 3319 enim,
1800 3248 1917 3308 sive
1946 3250 2333 3328 exquisitioris
2368 3272 2507 3311 usus
2537 3254 2845 3326 vocabula,

731 3336 953 3395 Graecis
981 3340 1157 3406 λέξεις
1184 3338 1561 3398 vocabantur.
1649 3340 1810 3399 Idem
1842 3341 1958 3401 fere
1997 3342 2288 3421 colligitur
2322 3365 2357 3403 e
2386 3345 2681 3423 Spartiani
2709 3347 2844 3406 loco

727 3430 902 3488 modo
926 3428 1187 3500 laudam,
1205 3430 1313 3489 etsi
1343 3430 1417 3490 ibi
1447 3432 1782 3511 obloquitur
1799 3434 2138 3495 Salmasius.
2212 3437 2485 3498 Ceterum
2512 3439 2843 3517 Longinum

723 3522 799 3579 de
827 3522 1174 3581 Antimacho
1201 3542 1335 3581 cum
1366 3524 1613 3584 Platone
1642 3527 1907 3598 sensisse,
1930 3548 1962 3587 e
1993 3528 2205 3589 Proclo
2229 3530 2563 3591 didicimus.

809 3625 834 3685 Ι
879 3614 1108 3673 Citatur
1149 3617 1206 3673 in
1249 3625 1440 3676 vetere
1481 3618 1621 3676 Vita
1662 3618 1940 3679 Nicandri
1974 3623 2269 3691 Διονῦσιος
2306 3627 2337 3683 ὁ
2378 3629 2700 3698 Φασιλήτης
2730 3626 2845 3704 (sic

727 3706 877 3765 male
905 3706 1030 3781 ed.)
1058 3710 1120 3768 ἐν
1149 3715 1223 3789 τῷ
1253 3714 1375 3789 περὶ
1403 3722 1500 3781 τῆς
1526 3712 1879 3792 Ἀντιμάχου
1907 3718 2203 3783 ποιήσεως.

805 3806 834 3873 ξ
878 3799 1192 3858 Amisimus
1228 3800 1310 3861 ita
1348 3803 1733 3863 Antimachea
1769 3804 2067 3884 pleraque,
2106 3827 2239 3866 cum
2280 3808 2522 3868 aliorum
2564 3810 2845 3871 librorum

722 3891 910 3950 ruina.
996 3892 1094 3949 Sic
1141 3893 1387 3972 Sopater
1430 3896 1727 3974 Sophista‚
1763 3897 2141 3957 Constantini
2185 3900 2273 3961 M.
2314 3912 2510 3975 aetate,
2556 3905 2847 3967 nonnulla

722 3984 902 4042 nostri
949 3983 1006 4041 in
1057 3984 1431 4048 Collectanea
1491 4008 1598 4049 sua
1653 3988 1947 4062 intulerat,
1994 4012 2143 4069 opus
2192 3994 2505 4067 eruditum,
2556 4016 2589 4055 e
2640 3996 2845 4057 multis

720 4075 1093 4155 scriptoribus
1143 4079 1487 4152 conflatum,
1541 4081 1699 4159 quod
1758 4093 2017 4143 recenset
2072 4084 2244 4145 Phot.
2306 4087 2514 4147 CLXI.
2575 4109 2633 4168 p.
2697 4092 2843 4153 339.

721 4169 959 4227 Fecerat
994 4169 1147 4228 idem
1187 4172 1445 4231 Joannes
1479 4174 1773 4245 Stobaeus,
1806 4176 1913 4235 etsi
1945 4196 2100 4236 nunc
2140 4177 2198 4237 in
2228 4181 2355 4260 ejus
2394 4182 2632 4261 Eclogis
2669 4184 2843 4245 Anti-

719 4261 907 4320 machi
938 4282 1145 4322 nomen
1176 4284 1288 4324 non
1322 4266 1590 4325 occurrit.
1622 4287 1675 4327 v.
1711 4267 1882 4328 Phot.
1917 4290 1975 4348 p.
2011 4274 2147 4330 374.
