3125 5009
784 337 1254 385 FRAGMENTA
1304 337 1642 389 mci-:aras
1677 340 1906 389 sams,
2271 318 2397 387 111

305 488 487 568 Τρεῖς
520 470 942 571 ἆμφιστεφέες,
974 488 1117 561 ἐνὸς
1148 489 1421 574 αὐχένος
1450 492 1819 573 ἐκπεφυυῖαι.
1917 486 2201 577 Hesth.
2259 488 2413 564 Ἀμ-

304 588 642 672 φιστεφέες·
680 585 1002 664 ἀλλήλαις
1045 588 1635 675 περιπεπληγμέναι,
1682 591 1720 667 ἢ
1767 588 2080 657 πάντοθεν
2125 588 2410 677 πλήρεις.

304 682 789 752 Valckenaerius
829 689 893 751 in
928 689 1119 754 Misc.
1156 690 1320 753 obs.
1355 690 1427 754 T.
1462 690 1657 772 VIII,
1687 715 1748 779 p.
1788 692 1930 757 150.
2023 692 2413 756 Grammati-

303 807 449 851 cum
503 788 831 877 scripsisse
874 791 1263 879 suspicatur,
1316 794 1822 880 Ἀμφιστρεφέες,
1870 793 2191 873 ἀλλήλαις
2241 823 2412 883 περι-

301 888 741 977 πεπλεγμέναι,
770 894 809 970 ἢ
842 894 1305 982 Ἀμφιστεφέες,
1335 893 1649 962 πάντοθεν
1677 894 1977 983 πλήρειςτ
2029 905 2210 960 vetus
2239 898 2410 962 enim

303 1001 367 1054 et
414 994 654 1077 optima
694 993 881 1059 lectio
911 996 992 1059 ab
1043 994 1303 1061 Homeri
1346 996 1796 1082 interpretibus
1840 1006 2410 1079 commemoratur-3

300 1116 450 1181 quae
495 1096 886 1182 conjectura,
934 1097 1175 1184 opinor,
1219 1095 1589 1162 dormitanti
1637 1096 2087 1164 Valckenaerio
2135 1100 2376 1165 excidit
2389 1125 2407 1181 ς

302 1195 462 1281 quid
492 1199 684 1279 enim,
717 1219 964 1287 quoes0,
998 1198 1350 1286 intelligere
1395 1208 1693 1285 potuerat
1741 1199 2108 1287 Hesychius
2159 1223 2272 1288 per
2319 1231 2412 1270 κε-

307 1295 524 1384 φαλαὶ,
554 1297 869 1370 πάντοθεν
916 1298 1226 1389 πλήρειςῗ
1326 1300 1529 1389 Atqui
1571 1301 1784 1366 omnia
1828 1324 1898 1367 se
1939 1313 2109 1368 recte
2147 1302 2409 1382 habent,

303 1400 493 1464 modo
544 1400 1105 1489 περιπεπλεγμέναι
1162 1424 1474 1491 reponas3
1542 1403 1609 1467 in
1665 1403 1870 1492 priore
1928 1404 2143 1491 glossa
2192 1405 2407 1469 locum

304 1499 715 1567 Homericum
755 1504 1053 1591 respexit,
1084 1504 1149 1569 in
1198 1505 1544 1592 posteriore
1589 1506 1785 1571 alium
1829 1505 2170 1594 quendam.
2260 1504 2407 1586 Sed,

303 1615 379 1670 ut
406 1606 490 1669 ad
521 1606 687 1671 viam
720 1606 1077 1685 redeamus,
1110 1606 1303 1672 simili
1333 1628 1537 1672 errore
1565 1606 1942 1695 Euripidem
1966 1630 2066 1695 ap.
2094 1608 2309 1673 Schol.
2344 1609 2406 1672 in

308 1706 627 1773 Phoeniss.
666 1707 850 1773 1194.
884 1708 1178 1774 liberavit
1220 1707 1597 1789 Barnesius,
1639 1711 1812 1796 Ἐγὼ
1851 1708 1913 1778 δὲ
1944 1712 2058 1778 τὸν
2088 1713 2210 1778 σὸν
2240 1707 2412 1797 κρᾶτ’

302 1810 643 1897 ἅναστέψαι
674 1809 858 1891 θέλω,
891 1811 998 1877 ubi
1039 1812 1189 1877 olim
1231 1812 1636 1899 ἀναστρέψαι.
1729 1811 1888 1875 Haec
1920 1812 2159 1900 optime
2191 1811 2410 1875 admo-

301 1912 429 1976 veri
472 1914 722 2000 possint
766 1914 849 1978 ad
892 1912 1116 2001 Eurip.
1164 1912 1390 2001 Suppl.
1428 1914 1579 1993 260,
1609 1912 1898 2001 γλαυκὴν
1942 1912 2154 2000 χλόην
2198 1913 2410 1978 Αὐτοῦ

304 2010 601 2082 λιποῦσαι
633 2012 967 2103 φυλλάδος
999 2021 1415 2103 καταστροφῇ,
1445 2016 1556 2079 ubi
1582 2013 1870 2101 Scaliger
1896 2014 2197 2078 emendat
2228 2041 2410 2080 κατα-

302 2124 515 2205 στεφῇ.
580 2117 899 2184 Caeterum
929 2117 1391 2183 observandum
1424 2126 1520 2181 est
1554 2137 1773 2182 vocem
1807 2114 2157 2203 δέπαστρον
2186 2134 2411 2180 occur-

303 2220 528 2382 rereBin
561 2220 703 2385 ali}
718 2218 1088 2285 Antimachi
1132 2218 1490 2307 fragmento
1520 2218 1690 2306 apud
1732 2217 1969 2284 Athen.
2007 2216 2132 2297 XI,
2164 2241 2225 2305 p.
2258 2216 2410 2293 468,

306 2319 381 2383 A.
481 2319 645 2386 .—B
710 2369 723 2384 .

1264 2642 1466 2708 LXV.

722 2962 833 2972 ——--
874 2908 1174 3019 Λαχμόν
1215 2909 1277 2991 δ’
1318 2911 1387 2994 οὗ
1428 2906 1650 2989 δείδιεν
1691 2902 1968 2987 ἷζεν-πων.

303 3191 493 3255 IDEM
524 3212 590 3278 p.
624 3188 769 3253 558.
800 3187 842 3251 l.
874 3186 978 3250 25.
1028 3188 1291 3273 Λαχμιῦ·
1335 3188 1422 3251 τῶ
1454 3182 1630 3251 δασεῖ
1656 3188 1784 3249 τῶν
1815 3186 2017 3271 ἐρίων.
2093 3182 2404 3261 Σέλευκος

298 3290 801 3373 (Alexandrinus
820 3287 1112 3367 criticus)
1134 3284 1195 3355 δὲ
1220 3286 1389 3362 ἀξιοῖ
1411 3283 1509 3352 διὰ
1535 3292 1649 3353 τοῦ
1671 3316 1707 3352 ν
1724 3282 2074 3373 γράφεσθαι
2098 3282 2346 3371 λάχνῳ,
2367 3287 2404 3352 ἃ

300 3399 579 3480 σημαίνει
609 3390 887 3479 λάχνην.
978 3387 1113 3469 (Ita
1145 3388 1369 3453 rectior
1391 3388 1726 3452 verborum
1753 3386 1873 3450 erit
1901 3386 2111 3465 ord0.)
2197 3386 2406 3454 Ἀντί-

298 3524 511 3584 μαχος
563 3491 626 3561 δὲ
676 3496 806 3559 τῶν
847 3493 1062 3559 ἵππων
1111 3492 1225 3557 τὸν
1278 3488 1643 3573 λακτισμόν·
1689 3490 1849 3555 οἷον·
1910 3489 2179 3575 Λαχμὸν
2232 3517 2285 3553 κ.
2341 3488 2402 3553 λ.

304 3600 473 3666 Illud
514 3598 651 3687 agit
697 3595 777 3661 de
824 3594 1016 3659 Hom.
1050 3591 1178 3657 Od.
1208 3620 1245 3657 ι.
1277 3592 1427 3655 445.
1471 3590 1583 3654 ubi
1629 3590 1844 3676 plures
1891 3587 2119 3677 λάχνῳ
2167 3590 2406 3655 malue-

304 3711 469 3768 runt.
503 3701 587 3765 V.
621 3698 705 3764 ibi
740 3696 1043 3763 Eustath.
1137 3692 1278 3757 Hoc
1306 3692 1386 3755 de
1409 3692 1472 3756 vi
1502 3691 1912 3756 insolentiore
1941 3690 2116 3755 vocis
2147 3689 2404 3779 λαχμὸς

299 3827 402 3893 ap.
450 3800 929 3868 Antimachum.
1020 3794 1309 3859 Eandem
1356 3794 1483 3859 vim
1525 3800 1776 3881 spectat
1823 3791 2104 3880 Hesych.
2149 3793 2401 3879 glossa:

302 3908 593 3995 λαχμῶν·
638 3906 903 3971 ἱππείων
933 3898 1312 3981 λακτισμῶν.
