3125 5009
572 758 1313 846 ANTIMACHI
1391 764 2217 853 FRAGMENTA.

925 971 1007 1015 CU
1026 971 1075 1012 Μ
1119 971 1327 1016 NOTls
1361 972 1820 1018 INTERPOSITI
1835 977 1885 1020 S.

1181 1172 1617 1203 ,ω’-μ-

1050 1368 1106 1431 1.
1229 1368 1744 1435 ΘΗΒΑΙΣ.

1369 1595 1418 1658 Ι.

503 1759 878 1855 Ἐννὲπετε,
917 1760 1237 1869 Κρονίδαο
1281 1764 1440 1857 Au).-
1475 1764 1815 1875 μεγάλοιο
1844 1764 2236 1872 θύγατρες1

337 1952 648 2019 Vssasum
681 1956 952 2021 servavit
982 1956 1285 2023 Eustath.
1308 1958 1392 2021 ad
1434 1957 1639 2044 prima
1676 1958 1919 2039 Iliadis,
1950 1958 2061 2023 ubi
2104 1969 2447 2047 postquam

335 2058 494 2141 aiios
523 2066 763 2144 poetas,
793 2058 862 2122 in
893 2058 1294 2125 invocatione
1325 2060 1591 2126 carmini
1635 2062 1907 2148 praefixa
1939 2060 2204 2126 Homeri
2234 2084 2448 2127 exem-

335 2161 516 2247 plum
557 2170 887 2247 sequutos,
927 2163 1232 2227 attulerat
1270 2162 1338 2227 in
1379 2162 1482 2227 his
1530 2162 1967 2252 Sapphonem,
2000 2165 2189 2252 cujus
2231 2174 2446 2229 tamen

335 2263 761 2351 fragmentum
783 2262 946 2351 ’'Aye
966 2292 1094 2350 μοι,
1120 2263 1222 2331 δῖα
1247 2266 1426 2353 χέλυ,
1449 2270 1787 2353 φωνᾶεσσα
1810 2272 2023 2355 γένοιο
2046 2267 2450 2334 emendatius

337 2375 554 2430 exstat
583 2388 688 2453 ap.
720 2364 1135 2453 Hermogen.-
1173 2373 1315 2454 περὶ
1344 2366 1577 2448 Ἰδεῶν,
1600 2370 1711 2433 lib.
1748 2368 1837 2432 11.
1872 2392 1935 2455 p.
1966 2372 2117 2449 403,
2146 2371 2247 2434 ed.
2285 2370 2452 2436 Lau·

337 2479 524 2547 rent„
561 2468 798 2555 profert
837 2468 1028 2533 etiam
1065 2492 1315 2533 versum
1356 2471 1855 2536 Antimacheum
1896 2472 2107 2551 illum,
2138 2472 2453 2559 Ὁμηρικῷ

342 2572 541 2659 ζήλῳ,
586 2582 660 2635 ut
702 2572 817 2653 ait,
871 2572 1202 2660 scriptum.
1298 2571 1448 2637 Hoc·
1493 2573 1823 2638 exordium
1876 2574 2177 2639 carminis
2233 2574 2452 2656 fuisse,

337 2674 592 2740 credere
617 2674 838 2762 utique
861 2674 1037 2762 cogit
1054 2675 1178 2739 loci
1203 2674 1513 2739 Eustath.
1544 2676 1728 2739 ratio,
1795 2675 1886 2738 At
1906 2676 2141 2763 cujus?
2187 2675 2447 2763 quaeris·

340 2777 533 2857 Puto,
570 2798 698 2842 non
740 2776 1029 2864 elegiaci,
1062 2778 1174 2842 sed
1221 2776 1456 2841 heroici
1504 2777 1733 2865 operiS,
1774 2779 2066 2864 adeoque
2102 2777 2452 2843 Thebaidis

337 2903 534 2968 quam
565 2879 944 2945 sententiam
973 2903 1234 2969 quoque
1264 2880 1446 2945 video
1476 2903 1616 2945 esse
1645 2880 1937 2945 Lambini
1968 2880 2047 2945 ad
2086 2880 2242 2945 Hor.
2264 2882 2346 2946 A.
2373 2880 2451 2945 P.

343 2984 484 3048 146.
577 2982 943 3048 Discrimen
975 2984 1154 3071 quod
1184 2984 1352 3049 inter
1381 2987 1655 3051 ἐννέπειν
1684 2993 1753 3049 et
1782 2982 2005 3051 ἀείδειν
2038 2984 2273 3071 quaerit
2302 2984 2368 3048 h.
2402 2986 2447 3049 l.

341 3084 641 3150 Eustath.
675 3095 740 3151 et
773 3086 904 3165 alii,
935 3086 1182 3151 nullum
1219 3095 1340 3164 est,
1367 3095 1434 3150 et
1474 3086 1907 3173 grammaticis
1940 3087 2151 3151 solum
2181 3087 2457 3151 debetur

339 3187 633 3275 ingeniis.
725 3185 1367 3277 SCH.—Kpov18a9]
1398 3188 1614 3254 Schol.
1647 3187 1985 3253 Villoisoni
2030 3189 2112 3253 ad
2153 3188 2341 3253 Iliad.
2375 3189 2453 3261 A,

343 3291 399 3371 l,
432 3292 596 3357 male
631 3298 1024 3380 Κρονίωνος.
1060 3291 1194 3355 BL.

1356 3549 1444 3617 11.

725 3709 938 3791 ’Έσ-τι
982 3746 1084 3801 τις
1119 3707 1400 3819 ἦνεμόεις
1439 3710 1671 3811 ὂλίγος
1708 3707 1910 3807 λὸφος
1958 3758 2047 3769 -

346 3904 825 3969 VERsrcunum
862 3903 955 3967 sic
986 3911 1356 3967 truncatum
1385 3899 1724 3966 servarunt
1754 3900 1938 3964 nobis
1962 3900 2230 3965 Aristot.
2259 3898 2459 3963 Rhet.

350 4006 476 4071 III.
510 4008 574 4086 6,
604 4016 670 4071 et
701 4004 930 4071 Strabo
957 4003 1079 4069 IX.
1105 4026 1166 4091 p.
1180 4004 1327 4067 409.
1351 4004 1558 4083 (627.)
1586 4013 1657 4067 ut
1684 4001 1988 4066 uberioris
2011 3999 2464 4085 descriptionis

349 4110 627 4190 initium,
659 4110 831 4196 quod
865 4107 1238 4195 apposuisse
1278 4107 1433 4170 satis
1470 4106 1818 4183 habebant,
1850 4104 2086 4191 quippe
2116 4100 2465 4167 lectoribus

351 4211 558 4277 doctis
590 4221 654 4277 et
683 4220 1013 4298 poetarum
1043 4209 1312 4275 lectione
1343 4209 1538 4296 probe
1572 4208 1837 4273 imbutis
1868 4207 2242 4271 scribentes.
2332 4200 2469 4266 Sci-

1391 4332 1435 4374 ι(
