3125 5009
694 278 827 347 124
1286 304 1734 353 AN'rlMAcffl
1779 302 2179 357 meQOAE.

1552 794 1939 859 LXXVIII.

690 1012 1168 1097 Ἐννεᾶμυκλος
1205 1015 1381 1090 ὄνος,
1412 1014 1584 1099 παρὰ
1614 1013 1994 1098 Ἀντιμάχῳ.
2077 1010 2282 1077 Ὄνου
2320 1009 2550 1095 μΰκλαι
2591 1006 2655 1076 δὲ
2696 1008 2804 1075 λέ-

691 1141 917 1200 γονται
950 1118 1011 1180 αἱ
1055 1118 1121 1181 ἐν
1149 1125 1286 1191 τοῖς
1317 1113 1559 1180 σκέλεσι
1589 1118 1718 1179 τῶν
1761 1115 1934 1181 ὄνων
1963 1117 2360 1200 περιγραφαί.
2456 1111 2803 1175 Herodian.

689 1214 1013 1280 Philetaer.
1040 1238 1106 1303 p.
1136 1217 1284 1280 439.
1328 1214 1545 1279 libello
1588 1236 1626 1277 a
1673 1214 1978 1279 Piersono
2019 1223 2167 1300 post
2215 1214 2475 1279 Moerid.
2519 1214 2801 1299 ‘primum

685 1314 967 1401 vulgatO.
1059 1314 1306 1381 Eadem
1337 1316 1530 1380 verba
1569 1316 1652 1379 ab
1688 1316 1832 1379 aliis
1872 1316 2242 1380 tribuuntur
2278 1314 2680 1379 Callimacho
2709 1319 2799 1393 (v.

693 1414 1011 1502 Fragmm.
1045 1417 1263 1481 Bentl.
1305 1418 1445 1482 180.
1487 1441 1556 1504 p.
1589 1418 1794 1497 509.)‚
1825 1426 1901 1481 ut
1929 1417 2208 1481 solennis
2246 1416 2354 1483 hic
2385 1418 2662 1482 duorum
2689 1438 2808 1480 no-

689 1518 936 1581 minum
985 1519 1277 1584 confusio
1321 1520 1497 1585 facta
1536 1520 1849 1583 videatur.
1941 1519 2030 1582 At
2069 1536 2216 1583 vero
2262 1541 2391 1583 non
2435 1519 2644 1599 vide0,
2688 1540 2808 1583 cur

687 1640 818 1682 non
842 1630 989 1685 ante
1008 1620 1479 1687 Callimachum
1506 1631 1692 1708 poeta
1716 1620 1954 1709 aliquis
1978 1620 2145 1684 idem
2164 1620 2515 1707 epitheton,
2535 1622 2802 1684 doctum

692 1732 756 1784 et
784 1722 1111 1806 poeticum
1154 1724 1817 1809 adhibere'potuerit3
1863 1721 2152 1809 adeoque
2193 1721 2352 1784 nihil
2391 1722 2548 1785 certi
2579 1722 2810 1787 defini-

692 1823 930 1886 endum
960 1824 1236 1888 credam.
1309 1824 1593 1911 Hesych.
1621 1824 1898 1911 explicat
1929 1823 2200 1891 Μΰκλοι·
2234 1812 2315 1889 ἀἱ
2345 1830 2487 1911 περὶ
2517 1826 2593 1891 τὰ
2619 1826 2809 1903 σκέλη

690 1927 789 1989 καὶ
829 1929 897 1992 ἐν
932 1935 1070 2002 τοῖς
1110 1932 1264 1993 ποσὶ
1306 1933 1405 1995 καὶ
1432 1931 1533 1994 ἐπὶ
1565 1927 1770 1992 νώτου
1810 1929 1940 1991 τῶν
1983 1927 2154 1992 ὄνων
2191 1924 2472 2010 μέλαιναι
2502 1932 2809 2012 γραμμαί.

693 2024 800 2088 Ex
853 2024 1081 2090 harum
1131 2029 1442 2092 linearum
1492 2051 1604 2092 seu
1663 2050 1964 2115 rugarum
2013 2048 2280 2091 numero
2331 2038 2488 2091 aetas
2535 2027 2694 2092 forte
2741 2029 2811 2092 in

688 2126 887 2189 asinis
933 2129 1449 2214 dignoscebatur,
1491 2141 1565 2194 ut
1615 2130 1840 2215 steph.
1881 2130 1974 2193 ait
2020 2130 2101 2193 ad
2155 2128 2436 2215 Hesych.
2486 2130 2810 2216 glossam;

688 2226 1161 2311 Ἐννεᾶμυκλος
1192 2232 1485 2318 ἰσχυρὸς,
1518 2235 1833 2309 ἐνναετής.

1593 2654 1911 2718 LXXIX.

690 2862 957 2929 STEPH.
1022 2866 1195 2931 BYz.
1265 2866 1683 2955 Ἀμφιγένεια,
1729 2870 1924 2947 πόλις
1986 2874 2412 2947 Μεσσηνιακή·
2490 2869 2814 2957 Στράβων

692 2963 913 3053 ὀγδόῃ·
955 2968 1139 3034 ’Ἐστι
1169 2965 1231 3036 δὲ
1264 2971 1414 3035 κατὰ
1444 2976 1559 3054 μὲν
1593 2971 2100 3059 Ἀπολλόδωρον
2124 2983 2236 3049 τῆς
2261 2979 2629 3051 Maxim-fac,
2657 2976 2812 3043 κατὰ

692 3063 755 3133 δὲ
786 3072 901 3135 τὸν
932 3070 1327 3158 Ἀντίμαχον
1355 3081 1467 3147 τῆς
1500 3079 1888 3150 Μεσσηνίας.
1953 3073 2140 3160 ’Έχει
2170 3070 2234 3139 δὲ
2266 3076 2305 3150 ἡ
2335 3074 2530 3151 πόλις
2563 3085 2814 3154 Λητοῦς

694 3172 886 3255 ἱερόν·
933 3177 1084 3260 φασὶ
1117 3174 1245 3260 γὰρ
1275 3176 1392 3239 ἐκεῖ
1418 3180 1936 3261 παραγενομένην
1974 3178 2161 3253 Λητὼ
2202 3187 2397 3245 τεκεῖν
2429 3181 2546 3245 τὸν
2574 3179 2818 3245 Ἀπόλ-

692 3269 892 3337 λωνα.
940 3273 1435 3359 Amphigeniam
1466 3275 1778 3341 habemus
1808 3278 1875 3340 in
1899 3278 2168 3342 urbibus
2193 3276 2256 3340 N
2259 3288 2507 3342 estoreo
2538 3278 2810 3365 imperio

693 3372 1003 3457 subjectis
1038 3373 1117 3437 Il.
1147 3373 1223 3461 β.
1260 3377 1434 3455 593.,
1473 3378 1644 3441 unde
1684 3378 2116 3464 Apollodorus
2158 3378 2238 3443 de
2277 3400 2354 3443 ea
2394 3380 2459 3444 in
2488 3400 2816 3445 commen-

692 3472 851 3537 tario
880 3474 961 3537 ad
995 3474 1379 3562 Catalogum
1412 3478 1655 3543 dixisse
1679 3480 1876 3544 videri
1906 3489 2138 3565 potest.
2230 3480 2442 3545 Locus
2472 3478 2808 3545 Strabonis

678 3573 819 3659 jam
850 3576 929 3638 ad
965 3574 1187 3662 Steph.
1223 3576 1385 3663 Byz.
1420 3580 1768 3659 excitatuS,
1810 3581 2048 3668 legitur
2075 3580 2270 3660 VIII,
2299 3604 2364 3667 p.
2400 3582 2552 3645 349.
2588 3584 2807 3663 (537.)

586 3759 590 3763 ι
689 3674 884 3760 Apud
916 3674 1081 3739 Stat.
1111 3677 1310 3742 Theb.
1340 3679 1410 3742 in
1442 3678 1760 3765 Catalogo
1787 3682 2117 3769 copiarum
2154 3682 2272 3761 IV,
2305 3684 2446 3747 178.
2511 3681 2808 3769 Capaneo

676 3798 906 3861 parere
934 3778 1092 3858 dati,
1122 3801 1273 3865 quos
1275 3778 1532 3867 fertilis
1562 3783 1768 3846 nutrit
1801 3782 2248 3869 Amphigenia,
2277 3785 2384 3847 ubi
2416 3807 2478 3849 v.
2509 3784 2736 3849 Barth.
