3125 5009
1030 340 1473 391 AN‘rtMAcffl
1513 339 1714 390 v1TA.
2333 316 2415 386 17
2444 394 2449 401 ,

322 496 638 579 poterant,
667 489 836 556 idem
879 490 1094 555 minus
1137 489 1492 556 licuisset*
1580 488 1733 563 Qua
1762 486 2024 575 quidem
2058 484 2185 549 fide
2216 494 2421 572 poetae

319 600 650 680 utcunque
691 592 1032 672 vindicata,
1075 615 1206 657 non
1247 592 1457 673 video,
1490 590 1715 678 quidni
1746 612 1891 654 eum
1924 588 2006 653 de
2035 587 2422 652 Antimacho

317 705 656 760 canentem
729 694 910 783 sequi
982 694 1325 783 possimus.
1459 692 1691 758 Narrat
1766 696 2064 771 autem,†
2133 700 2420 754 nostrum

317 796 546 863 insano
593 819 805 862 amore
863 798 1092 885 puellae
1148 796 1356 883 Lydes
1403 804 1664 884 captum
1716 796 1800 860 ad
1856 792 2103 858 Pactoli
2160 792 2419 868 flumen,

319 898 385 963 h.
408 920 461 963 e.
496 899 764 988 Lydiam
795 922 862 964 se
881 898 1247 977 contulisse,
1270 897 1377 962 ubi
1403 896 1802 986 aliquamdiu
1826 895 2148 960 desedi-sse
2170 893 2424 957 videtur

320 1022 582 1090 compos
634 1010 940 1068 votorum.
1061 1000 1159 1064 Ibi
1213 1020 1359 1065 vero
1411 998 1644 1063 deinde
1702 1005 1981 1062 amatam
2040 1005 2425 1081 praematura

319 1113 524 1169 morte
553 1104 730 1169 videt
759 1103 1172 1182 exstinctam,
1209 1112 1294 1181 et,
1323 1100 1575 1166 ossibus
1605 1100 1747 1187 ejus
1785 1098 1992 1176 lectiS,
2020 1098 2163 1161 loca
2203 1095 2422 1182 gaudii

319 1216 490 1287 ante,
521 1228 694 1272 nunc
723 1206 960 1272 doloris
985 1206 1198 1293 plena,
1215 1203 1583 1290 relinquens
1604 1200 2040 1287 Colophonem
2072 1197 2423 1275 revertitur,

318 1308 541 1397 ibique
570 1309 829 1374 tandem
861 1329 1008 1372 cum
1031 1315 1282 1393 tempus
1313 1305 1599 1369 levamen
1629 1303 1841 1366 luctus
1872 1299 2214 1379 attulisset,
2232 1298 2424 1363 libros

319 1412 388 1476 in
417 1411 738 1477 defunctae
769 1410 1070 1475 honorem
1111 1406 1456 1495 componit.
1550 1403 1719 1479 Quae
1767 1402 2050 1491 quidem,
2080 1424 2118 1465 a
2160 1401 2427 1465 Herme-

319 1512 606 1577 sianacte
649 1520 921 1593 narrata,
953 1510 1008 1575 si
1052 1531 1198 1575 cum
1239 1509 1319 1573 iis
1366 1506 1792 1584 conferamus,
1842 1527 1990 1592 quae
2039 1503 2119 1567 de
2166 1500 2425 1588 scriptis
2502 1488 2505 1491 ⁴

319 1615 691 1681 Antimachi
749 1614 1124 1703 Colophone
1187 1608 1548 1700 repetendis
1621 1608 1891 1673 Proclus
1960 1604 2220 1689 habet,‡
2282 1623 2424 1667 vere

407 1880 440 1913 ¹*
484 1879 903 1941 Hermesianax
931 1877 1126 1937 floruit
1151 1877 1304 1936 circa
1326 1873 1422 1933 Ol.
1461 1874 1595 1931 112.
1630 1871 1700 1929 A.
1730 1868 1871 1929 Chr.
1904 1870 2043 1928 332.

406 1980 443 2040 †
489 1972 609 2053 Ipsi
643 1992 837 2031 versus
879 1992 953 2031 ex
999 1964 1488 2029 Hermesianactis
1537 1960 1763 2040 Elegia,
1806 1980 1923 2039 qua
1963 1958 2184 2038 perdite
2226 1977 2428 2017 aman-

323 2066 466 2124 tium
515 2065 803 2124 fortunam
837 2061 1215 2143 persequitur,
1252 2079 1287 2120 a
1330 2078 1384 2118 v.
1425 2058 1697 2133 4l.‚sqq.
1739 2049 2103 2111 adscribendi
2145 2058 2299 2119 sunt,
2340 2058 2426 2119 ut,

324 2156 466 2237 quid
506 2157 639 2217 inde
669 2157 958 2229 duxerim,
987 2160 1286 2233 appareat,
1332 2146 1805 2229 quandoquidem
1847 2143 2015 2224 plura
2048 2141 2285 2202 vulnera
2322 2140 2428 2199 ha-

327 2250 467 2311 bent
491 2270 506 2310 ε
1864 2234 1868 2239 ’

570 2341 760 2412 Λῦδης
787 2341 831 2401 δ’
857 2340 1204 2419 Ἀντίμαχος
1231 2334 1539 2415 Χρυσηΐδος
1568 2334 1625 2391 ἐκ
1650 2330 1755 2412 μὲν
1784 2330 1979 2409 ἔρωτος

649 2436 922 2509 Πληγεὶς,
952 2435 1255 2491 Πακτωλοῦ
1280 2426 1433 2507 ῥεῦμ’
1464 2423 1640 2499 ἐπέβη
1668 2431 1934 2502 ποταμοῦ.

570 2529 820 2606 Λᾶρνακι
850 2528 939 2584 νὶν
967 2522 1024 2583 δὲ
1055 2521 1344 2581 θανοῦσαν
1369 2518 1476 2577 ὑπὸ
1508 2519 1677 2594 Εηρὴν
1706 2513 1835 2573 θέτο
1863 2520 2065 2588 γαῖαν,

657 2616 932 2676 Καλλίον’
958 2617 1119 2683 ’ἰξαον
1147 2612 1193 2671 δ’
1223 2610 1401 2683 ἦλθεν
1429 2610 1828 2684 ἀποπρολιπὼν

561 2709 780 2787 ’Ἀκραν
807 2709 864 2774 ἐς
890 2705 1222 2785 Κολοφῶνα·
1255 2704 1408 2778 ’γόων
1435 2700 1477 2759 δ’
1507 2700 1865 2767 ἅνεπλήσατο
1884 2692 2130 2769 βίβλους

652 2800 822 2879 Ἰρὰς,
851 2801 908 2859 ἐκ
935 2796 1145 2862 παντὸς
1172 2795 1523 2872 παυσάμενος
1550 2790 1817 2869 καμάτου.

333 2967 556 3048 Recepi
587 2966 684 3027 hic
723 2985 824 3046 pro
863 2962 1162 3043 Δαρδάνην
1199 2946 1254 3020 δὲ
1302 2958 1615 3028 θανοῦσαν,
1644 2952 1800 3033 quod
1839 2951 2160 3012 Athenaeus
2196 2948 2437 3026 praebet,

334 3060 850 3141 ingeniosissimam
881 3056 1010 3116 Cel.
1038 3050 1373 3113 Ruhnkenii
1402 3048 1820 3129 conjecturam,
1838 3048 2070 3122 λάρνακι
2099 3044 2187 3101 νὶν
2215 3039 2270 3099 δὲ
2303 3038 2435 3099 Sar.

337 3155 481 3215 Mox
514 3155 570 3212 in
598 3152 843 3213 καλλίον’
867 3152 1031 3219 ’ἰξαον
1060 3164 1229 3205 nemo
1257 3143 1485 3203 dubitet
1511 3139 1902 3199 oblitteratum
1934 3153 2058 3195 esse
2086 3150 2293 3192 nomen
2326 3130 2438 3189 loci

337 3247 518 3327 Lydii,
553 3244 708 3325 quod
745 3243 890 3303 forte
927 3241 1063 3301 olim
1107 3236 1330 3298 felicius
1367 3232 1661 3312 ingenium
1702 3228 1964 3311 reperiet.
2052 3223 2441 3284 Ruhnkenius

337 3340 482 3400 nihil
527 3339 620 3398 hic
660 3336 872 3406 attulit,
917 3352 1024 3393 nec
1069 3342 1261 3391 tamen
1303 3327 1544 3408 probare
1586 3323 1809 3383 videtur
1854 3318 2128 3397 Lennepii
2166 3315 2440 3376 emenda-

336 3432 552 3493 tionem
580 3432 639 3489 in
681 3426 987 3487 Animadv.
1021 3424 1094 3483 ad
1130 3420 1369 3481 Coluth.
1402 3439 1461 3498 p.
1506 3418 1641 3477 169.
1676 3412 2065 3495 propositam:
2110 3413 2199 3471 καὶ
2228 3408 2442 3480 Λυδίην

337 3526 452 3595 ἷξεν
485 3522 656 3594 δῆθεν
700 3525 908 3597 ἅποπρ.
997 3515 1214 3576 Ultimo
1245 3531 1410 3573 versu
1457 3512 1597 3589 ἱεραὶ
1628 3507 1830 3585 βίβλοι
1871 3503 2180 3581 designant
2219 3499 2440 3579 Lyden,

339 3613 673 3677 Antimachi
719 3630 971 3673 carmen.
1073 3605 1387 3685 Epitheton
1432 3610 1602 3661 ornat
1638 3607 1890 3668 tantum,
1941 3604 2001 3653 et
2046 3603 2135 3653 est
2170 3592 2243 3651 de
2293 3601 2442 3661 vate,

339 3709 636 3771 sacerdote
667 3704 1002 3772 Musarum,
1025 3708 1091 3758 ut
1115 3718 1283 3757 sacer
1310 3705 1473 3755 vates
1500 3712 1595 3774 ap.
1630 3692 1772 3750 Hor.
1802 3688 1919 3747 Od.
1953 3686 2058 3746 IV.
2089 3688 2147 3743 9.
2178 3686 2278 3741 28.

425 3811 450 3875 Ι
477 3800 550 3862 Ρ.
569 3800 668 3857 28.
689 3798 1017 3857 Commeat.
1037 3792 1096 3850 in
1129 3789 1280 3848 Plat.
1301 3787 1609 3845 Timaeum.
1634 3782 1905 3842 Editione
1934 3787 2083 3850 utor,
2114 3775 2237 3833 Viri
2270 3774 2441 3835 Sum-

345 3914 436 3955 me
478 3894 688 3953 Rever.
726 3898 785 3949 et
818 3885 1071 3946 Doctiss.
1111 3882 1437 3942 Marsinnoe
1480 3874 1842 3936 humanitate
1883 3869 2022 3930 mihi
2058 3866 2445 3937 commodata,

344 4006 479 4065 quoe
513 3985 720 4045 Procli
746 3982 1001 4061 quinque
1032 3976 1208 4036 libros
1239 3975 1301 4033 in
1340 3972 1637 4042 Timaeum,
1668 3976 1727 4027 et
1753 3964 2148 4045 difficilior-um
2176 3959 2446 4038 quaestio—

346 4099 483 4139 num
527 4080 591 4137 in
648 4076 822 4135 Plat.
885 4071 1183 4130 Politicen
1231 4064 1660 4126 enarrationem
1703 4055 2126 4135 complectitur,
2171 4062 2230 4110 et
2272 4067 2450 4127 opera
2544 4120 2557 4129 ι

349 4169 611 4231 Platonis
638 4187 754 4227 non
785 4164 1064 4245 adjuncta
1090 4160 1302 4219 habet:
1351 4153 1528 4215 Basil.
1562 4172 1658 4231 ap.
1686 4152 1859 4211 Joan.
1892 4145 2149 4205 Walder.
2187 4142 2364 4200 1534.
2410 4132 2417 4139 ⁶

1233 4266 1254 4287 ⁶
1469 4270 1510 4312 n
