3125 5009
927 320 930 325 ’
977 356 1248 407 wonrn
1288 357 1668 413 EP1sT01.A.
2328 341 2370 409 7

265 498 619 567 Eusebiani
675 503 996 589 adjunxit.
1119 505 1352 595 Neque
1415 508 1481 572 id
1544 506 1699 572 fecit
1761 507 1857 572 vir
1925 508 2243 574 maximus
2298 532 2375 573 ea

260 607 500 679 mente,
533 610 606 665 ut
643 602 786 666 aliis
820 603 1193 689 imponeret,
1223 605 1334 669 sed
1377 614 1452 671 ut
1489 605 1820 687 haberent,
1851 607 1961 671 ubi
2006 607 2371 695 praecipuas

259 718 362 760 res
390 720 540 763 cum
567 710 920 789 temporum
950 702 1276 769 notatione
1305 703 1427 769 sub
1459 724 1589 768 uno
1611 704 1921 791 adspectu
1949 706 2194 792 positas
2225 718 2371 791 per·-

261 810 610 864 currerent.
703 799 778 863 M
783 809 1101 865 onuerunt
1125 801 1206 866 de
1236 802 1360 867 hoc
1386 803 1519 889 jam
1551 802 1682 881 alii,
1714 812 1787 867 ut
1824 802 2067 869 Corsin.
2094 804 2161 867 in
2193 803 2371 871 Fast.

262 893 406 958 Att.
438 894 514 959 T.
553 895 645 960 ΙΙ.
676 920 743 984 p.
777 898 842 962 4.
936 898 1106 965 Hinc
1138 921 1311 987 saepe
1342 921 1376 965 e
1406 899 1769 987 depravatis
1800 901 1985 965 codd.
2019 910 2372 983 auctorum,
2485 924 2488 930 ·

267 1013 435 1078 quos
472 993 760 1083 Scaliger
789 996 855 1059 in
895 995 1008 1060 illa
1047 1007 1239 1063 aetate
1270 997 1575 1062 adhibere
1605 1007 1872 1086 poterat,
1908 999 2067 1063 vitia
2096 998 2164 1062 in
2192 1000 2375 1066 libel-

263 1092 402 1155 lum
448 1091 869 1180 irrepserunt3
945 1094 1266 1161 interdum
1311 1106 1526 1162 tamen
1574 1096 1767 1162 etiam
1814 1096 1883 1160 in
1932 1097 2171 1161 talibus
2216 1097 2375 1164 locis

261 1188 559 1255 criticam
591 1214 844 1281 operam
875 1192 1149 1258 navavit.

347 1289 442 1353 At
460 1289 620 1355 forte
642 1287 786 1356 Tibi
809 1312 1035 1378 parum
1057 1299 1396 1378 exoptatus
1416 1312 1655 1379 praeses
1678 1290 2137 1378 disputationis
2155 1293 2377 1359 videor

262 1384 541 1467 futurus,
586 1388 702 1476 qui
747 1410 922 1454 nunc
963 1389 1032 1453 in
1081 1388 1405 1454 nonnullis
1453 1388 1855 1455 adversarius
1900 1390 2045 1455 sim.
2141 1390 2375 1480 Itaque

263 1485 408 1551 haec
436 1486 709 1567 mittam,
737 1496 807 1553 et
835 1487 1192 1575 relinquam
1211 1487 1312 1567 iis,
1330 1486 1450 1576 qui
1473 1486 1716 1553 Tecum
1744 1487 2196 1575 disputabunt.
2288 1490 2377 1555 Et

263 1584 335 1652 in
375 1585 576 1649 altera
612 1585 876 1674 quidem
920 1595 1098 1673 parte
1129 1586 1266 1672 jam
1309 1585 1468 1650 satis
1506 1585 1714 1649 multa
1755 1586 2023 1673 reperies
2054 1608 2095 1650 a
2122 1609 2226 1652 me
2263 1588 2379 1652 ad-

263 1681 524 1769 scripta,
549 1704 696 1748 cum
729 1683 811 1747 ad
837 1682 1319 1770 explicandum,
1350 1691 1490 1748 tum
1531 1683 1615 1746 ad
1656 1683 1873 1747 sedem
1905 1706 2203 1749 versuum
2234 1709 2379 1772 pro-

263 1780 564 1845 babiliter
621 1782 1072 1869 indagandam.
1185 1780 1363 1847 Auxi
1413 1781 1612 1846 etiam
1663 1781 1915 1867 aliquot
1970 1782 2372 1870 fragmentis.

267 1878 374 1942 Ita
424 1878 734 1944 hactenus
784 1878 1100 1945 voluntati
1143 1878 1300 1943 Tuae
1351 1879 1497 1966 plus
1542 1900 1739 1966 quam
1785 1879 2171 1946 satisfecisse
2218 1882 2377 1946 mihi

265 1977 508 2056 videor,
535 1986 602 2041 et
637 1978 823 2063 plura
861 1977 1014 2042 hinc
1057 1976 1206 2041 inde
1239 1976 1581 2041 additurus
1626 1997 1823 2056 eram,
1866 1977 1992 2041 nisi
2036 2000 2141 2043 1ne
2175 1979 2380 2044 deter-

267 2073 506 2139 ruisset
538 2073 785 2139 Lucina
813 2074 1345 2153 Hemmerdeana,
1387 2097 1536 2162 quae
1582 2075 1683 2139 vel
1726 2074 1841 2154 sic,
1886 2075 1952 2141 in
1994 2086 2177 2141 tanta
2214 2078 2379 2144 mole

266 2172 494 2260 scripti
520 2173 892 2253 academici,
919 2172 1214 2261 precibus
1249 2194 1290 2237 a
1328 2171 1516 2237 nobis
1546 2171 1881 2259 fatiganda
1918 2173 2062 2252 erit,
2094 2184 2167 2238 ut
2193 2197 2379 2262 opem

266 2270 452 2336 ferat.
540 2268 772 2359 Neque
801 2271 867 2335 id
906 2272 1024 2336 abs
1050 2269 1142 2336 Te
1181 2279 1610 2357 exspectatur,
1637 2279 1711 2335 ut
1740 2270 1807 2334 in
1837 2280 2214 2357 argumento
2245 2283 2379 2339 tam

267 2371 464 2434 docto
485 2370 712 2434 ceteris
743 2369 903 2434 nihil
928 2368 1222 2433 relictum
1243 2368 1464 2449 facias,
1483 2389 1631 2433 cum
1654 2379 2020 2455 susceptam
2044 2391 2174 2435 rem
2202 2393 2381 2457 pere—

268 2467 442 2555 geris
503 2469 675 2533 ultra
733 2476 987 2533 aetatem
1047 2464 1467 2531 laudabiliter.
1577 2465 1899 2551 Equidem
1950 2488 2124 2531 nunc
2177 2490 2380 2532 unum

268 2565 536 2653 reperio,
557 2565 730 2653 quod
757 2564 850 2630 Te
870 2584 1189 2629 moneam.
1267 2563 1347 2627 In
1371 2562 1730 2649 fragmento
1760 2562 1970 2627 LVII.
1990 2564 2379 2650 conjecturae

269 2687 436 2729 meae
491 2664 678 2729 facile
732 2662 1044 2728 anteferre
1100 2669 1352 2748 poteras
1411 2660 1840 2746 antiquiorem
1900 2660 1957 2726 I.
2024 2659 2377 2749 Rutgersii.

271 2761 466 2827 Certe
491 2762 658 2827 hanc
689 2782 817 2827 non
856 2759 940 2825 ob
985 2759 1253 2825 formam
1289 2757 1684 2845 conjunctivi
1716 2758 2049 2845 reprobare
2072 2759 2379 2825 debebaS.

271 2860 428 2925 Uno
451 2860 623 2927 enim
653 2868 895 2947 puncto
933 2858 1053 2923 sub
1097 2855 1404 2945 δύπτῃσιν
1444 2856 1702 2941 abjecto
1739 2855 2006 2920 habebis
2050 2856 2381 2923 indicativi

269 2958 567 3038 formam,
595 2957 993 3046 grammatici
1027 2954 1328 3042 Ibyceam
1358 2977 1400 3021 a
1430 2954 1663 3041 Lyrico
1702 2963 1959 3035 vocant,
1990 2964 2068 3020 ut
2093 2977 2208 3041 pro
2237 2984 2285 3023 ει
2314 2957 2383 3021 in

271 3058 404 3123 fine
433 3058 767 3123 verborum
797 3064 923 3121 act.
945 3075 1131 3142 praes.
1161 3063 1354 3140 temp.
1385 3052 1698 3117 scribatur
1730 3081 1853 3130 ησι,
1883 3053 1997 3118 sed
2028 3052 2207 3117 nullo
2240 3053 2385 3119 Iota

273 3156 661 3243 subscripto,
758 3154 976 3230 Quam
1028 3153 1235 3239 ipsam
1288 3152 1555 3217 formam
1602 3150 1853 3238 aliquot
1900 3151 2056 3215 locis
2120 3151 2381 3218 Homeri

270 3264 500 3321 notare
541 3254 714 3334 licet,
741 3251 852 3319 ubi
891 3273 1042 3317 cum
1081 3250 1344 3337 reliquis
1381 3248 1734 3314 editoribus
1769 3248 1929 3334 ipse,
1960 3248 2072 3313 sed
2102 3250 2385 3335 prudens

273 3352 506 3433 erravi,
545 3374 626 3418 ne
668 3351 895 3419 vitium
942 3347 1296 3438 typothetae
1335 3346 1751 3413 commissum
1794 3344 1984 3410 multi
2028 3345 2382 3412 crederent.

275 3452 453 3517 Nam
502 3459 812 3538 punctum
850 3446 1283 3535 abjiciendum
1329 3454 1467 3511 erat
1509 3445 1633 3509 sub
1670 3448 2060 3529 παμφαίνῃσι
2110 3442 2187 3507 Il.
2220 3473 2267 3511 ε.
2300 3446 2387 3523 6.,

277 3550 394 3617 ubi
435 3550 500 3615 b.
543 3548 860 3615 Ernestus
902 3546 1110 3613 obiter
1161 3552 1396 3623 monet,
1437 3543 1504 3607 in
1553 3539 1699 3605 MS.
1744 3541 1915 3627 Lips.
1946 3540 2196 3605 nullum
2244 3541 2387 3607 Iota

277 3650 529 3715 subscr.
559 3668 875 3735 apparere.
962 3644 1054 3710 At
1083 3643 1206 3707 hoc
1235 3662 1485 3729 semper
1513 3639 1643 3704 sere
1683 3638 1751 3702 in
1788 3638 1899 3702 illo
1942 3637 2185 3718 codice,
2214 3649 2291 3705 ut
2320 3640 2387 3703 in

275 3748 448 3825 aliis,
489 3746 852 3832 neglectum
897 3752 1013 3808 est.
1105 3738 1215 3805 Sic
1249 3747 1317 3805 et
1355 3739 1432 3805 Il.
1473 3768 1512 3805 ι.
1551 3738 1681 3803 323
1721 3738 2071 3823 προφέρῃσι
2108 3737 2390 3803 scriben-

277 3847 460 3925 dum,
487 3843 644 3909 etin
669 3851 949 3930 utroque
973 3862 1158 3905 versu
1182 3837 1365 3903 nulla
1390 3836 1486 3901 vis
1514 3844 1615 3901 est
1642 3833 2058 3920 conjunctivi.
2128 3833 2297 3900 Tum
2325 3844 2391 3899 et

279 3943 526 4031 Odyss.
557 3972 617 4020 η.
658 3941 802 4007 197.
835 3938 1103 4004 eandem
1133 3935 1401 4001 formam
1443 3940 1866 4020 reposuerunt
1899 3931 2187 3997 nonnulli
2218 3941 2390 3997 vete-

279 4064 453 4120 rum,
477 4039 593 4126 qui
636 4060 754 4126 pro
798 4038 964 4103 ἅσσα
992 4040 1052 4103 οἱ
1083 4034 1251 4111 αἶσα,
1276 4031 1675 4105 recredi-3359
1712 4057 1778 4095 τε
1823 4025 2073 4116 βαρεῖαι
2116 4029 2389 4095 scribere

279 4139 576 4217 mallent,
599 4137 764 4203 ὅσσα
793 4139 852 4202 οἱ
897 4135 1062 4200 Αἶσα
1105 4128 1540 4206 κατακλώθησι
1582 4127 1832 4214 βαρεῖα.
1924 4124 2225 4190 Ceterum
2268 4126 2389 4191 hoc

269 4236 624 4327 judicium,
658 4234 723 4299 id
753 4232 926 4321 quod
959 4231 1028 4297 in
1069 4227 1385 4293 similibus
1425 4249 1555 4292 non
1586 4246 1726 4289 raro
1756 4223 1891 4287 fieri
1923 4222 2165 4303 vidisti,
2198 4224 2391 4287 simul
