3125 5009
1054 336 1496 387 AN'rmAcffl
1538 338 1742 386 vi'rA.
2350 318 2439 387 41

348 498 578 561 genere
605 503 750 545 cum
783 483 1073 566 aliorum,
1107 496 1244 550 tum
1271 478 1641 551 Antimachi
1668 486 1937 573 vestigia
1962 496 2269 575 sequutos
2294 508 2453 565 esse,

349 581 627 665 produnt
674 585 910 672 passim
959 587 1188 675 glossae
1229 590 1401 676 apud
1449 589 1923 654 Grammaticos
1968 598 2032 654 et
2074 589 2463 653 Lexicorum'

347 693 641 769 auctores
691 709 769 751 ex
829 688 1215 755 Antimacho
1268 701 1601 779 excerptae,
1647 715 1814 779 quas
1869 693 1953 757 ab
2002 690 2453 756 Alexandrinis

346 787 551 869 poetis
589 812 739 854 mox
784 792 1020 878 saepius
1073 794 1362 859 adhiberi
1416 794 1725 859 videmus.
1819 794 1994 857 Huic
2040 805 2255 859 autem
2298 793 2452 858 vitio

348 888 568 970 nostri,
599 892 651 954 si
683 895 872 958 modo
894 894 1117 959 vitium
1145 896 1291 975 fuit,
1312 898 1655 962 maximam
1679 905 1926 985 partem
1946 895 2447 981 fragmentorum

347 988 678 1073 debemuS,
725 1018 997 1082 quorum
1043 1000 1244 1062 multo
1285 1010 1495 1063 essent
1534 1000 1858 1086 pauciora,
1890 999 1943 1062 si
1976 999 2189 1063 minus
2221 999 2449 1063 doctus

345 1097 813 1261 goetajuisset.
902 1098 1064 1165 Rem
1099 1101 1248 1164 solae
1287 1100 1719 1189 Hesychianae
1769 1103 1998 1188 glossae
2042 1102 2199 1166 satis
2241 1110 2452 1166 osten-

395 1210 527 1265 unt.

437 1309 943 1399 Conjungendus
995 1324 1093 1379 est
1143 1337 1288 1379 cum
1348 1315 1470 1380 hoc
1537 1314 1839 1379 orationis
1898 1315 2051 1379 vitio
2110 1314 2447 1379 affectatus

349 1422 579 1493 tumor,
610 1438 803 1502 quem
837 1416 904 1478 in
937 1417 1155 1503 primis
1195 1416 1495 1482 Catullus
1537 1427 1717 1481 notat
1756 1417 1822 1480 in
1868 1418 2028 1495 loco,
2061 1418 2174 1504 qui
2218 1438 2444 1502 parum

350 1516 766 1582 honorificam
796 1519 994 1584 habet
1024 1519 1222 1583 nostri
1253 1520 1789 1605 comparationem
1813 1541 1959 1584 cum
1977 1519 2228 1584 Volusii
2253 1541 2450 1582 anna-

347 1618 538 1699 libus,
589 1620 766 1685 laxas
815 1622 1104 1686 scombris
1149 1622 1390 1687 tunicas
1441 1622 1760 1699 daturis.†
1872 1623 2181 1708 Idemque
2232 1622 2449 1707 attigit

352 1721 640 1804 ProcluS,
671 1747 704 1788 e
727 1726 915 1812 cujus
946 1724 1151 1789 verbis
1174 1726 1362 1789 simul
1387 1735 1674 1811 apparet,
1694 1747 1826 1812 qua
1856 1726 1918 1788 in
1949 1747 2011 1787 re
2040 1723 2446 1810 potissimum

349 1835 562 1889 noster
608 1826 887 1892 Homero
926 1826 1182 1891 inferior
1228 1828 1434 1892 fuerit.
1527 1827 1722 1890 Hunc
1775 1828 1942 1890 enim
1989 1836 2264 1913 poetam,
2315 1825 2448 1911 qui,

333 1926 526 1990 -velut
554 1928 798 1993 coelesti
829 1930 1052 1993 afflatu
1081 1938 1426 2014 correptuS‚
1457 1928 1539 1993 ad
1574 1950 1783 1992 veram
1823 1926 2118 1991 carminis
2160 1926 2449 1989 sublimi-

351 2039 543 2095 tatem
576 2053 704 2095 non
747 2054 909 2097 vano
942 2031 1208 2113 strepitu
1239 2032 1595 2109 verborum,
1633 2030 1745 2093 sed
1776 2030 1838 2092 vi
1868 2038 1931 2093 et
1960 2027 2271 2115 gravitate
2303 2049 2449 2090 sen-

350 2132 692 2197 tentiarum
739 2135 1044 2212 evolarat,
1095 2134 1270 2197 hunc
1317 2133 1516 2220 igitur
1559 2154 1707 2196 cum
1756 2141 1969 2195 noster
2013 2128 2194 2217 sequi
2242 2128 2451 2204 vellet,

350 2236 587 2322 ingenii
616 2236 816 2300 divini
847 2237 1048 2301 vicem
1079 2236 1304 2300 misera
1343 2236 1667 2323 supplevit
1710 2242 1866 2313 arte,
1900 2255 2011 2319 per
2051 2253 2249 2319 quam
2290 2232 2450 2295 adeo

351 2335 428 2397 ad
482 2338 784 2421 grandem
833 2338 1283 2425 turgidamque
1327 2339 1698 2414 orationem,
1742 2343 1808 2399 et
1850 2335 2113 2398 nimiam
2158 2334 2448 2419 figuratae

361 2437 660 2502 dictionis
687 2440 1020 2503 audaciam
1049 2439 1348 2526 delapsus
1382 2439 1540 2522 est.‡
1612 2438 1686 2500 In
1720 2458 1848 2523 qua
1874 2433 2242 2499 Antimachi
2274 2442 2454 2495 nota-

433 2699 464 2731 *
511 2696 578 2754 V.
607 2696 698 2755 Fr.
730 2697 1062 2755 LXXXIV.
1093 2715 1180 2773 sq.

432 2803 469 2864 †
513 2793 707 2852 Carm.
741 2793 926 2851 XCV.
959 2793 1018 2851 in
1047 2793 1352 2871 Smyrnam
1380 2790 1621 2850 Cinnae:

752 2972 764 2985 .
805 2921 1063 3001 Populus
1095 2922 1313 2981 tumido
1341 2921 1594 2997 gaudeat
1622 2917 1994 2977 Antimacho,

359 3055 516 3115 Male
543 3054 636 3113 bic
675 3053 811 3111 olim
841 3051 1112 3131 legebant
1151 3051 1385 3119 mundo,
1416 3068 1592 3126 quam
1623 3046 1929 3105 lectionem
1964 3054 2023 3103 et
2062 3043 2223 3102 locus
2258 3042 2448 3102 Procli

356 3147 548 3208 statim
578 3144 924 3215 afferendus,
953 3154 1012 3203 et
1047 3144 1232 3224 ipsum
1275 3140 1491 3201 Catulli
1525 3138 1826 3199 consilium
1856 3138 2113 3196 damnat.
2201 3136 2280 3194 At
2304 3136 2449 3193 Tur-

366 3243 512 3301 nebo
556 3240 811 3300 tumidus
855 3237 948 3296 hic
983 3256 1098 3296 non
1139 3256 1207 3295 eo
1251 3234 1530 3314 pertinere
1568 3232 1888 3301 videbatur,
1923 3229 2079 3307 quo'd
2114 3227 2448 3287 Antimachi

357 3337 556 3395 inflata
581 3332 837 3393 carmina
865 3330 1097 3402 suerint,
1128 3328 1228 3389 sed
1258 3328 1414 3406 quod
1455 3326 1628 3384 fuerit
1659 3326 1784 3402 ejus
1821 3324 2040 3401 grande
2084 3332 2145 3381 et
2188 3321 2449 3398 longum,

357 3428 640 3510 prolixum
674 3437 732 3486 et
764 3425 1062 3483 verbosum
1099 3441 1320 3501 poema.
1407 3420 1647 3477 AdverS.
1694 3416 1981 3487 XXVIII,
2011 3417 2109 3473 38.
2143 3415 2364 3473 Contra
2392 3434 2445 3471 v.

357 3522 524 3581 voss.
558 3519 629 3580 ad
661 3517 876 3577 Catull.
910 3537 968 3595 p.
1001 3518 1136 3575 323.

439 3622 466 3685 Ι
509 3612 698 3672 Procl.
732 3610 831 3669 lib.
864 3608 1020 3668 laud.
1056 3629 1112 3686 p.
1144 3608 1242 3665 20.
1275 3624 1412 3664 vers.
1440 3604 1655 3662 finem:
1700 3609 1860 3662 Δοκεῖ
1885 3626 1977 3679 μοι
2010 3600 2213 3657 διελεῖν
2236 3602 2265 3657 ὁ
2291 3602 2446 3657 Πλά-

358 3736 466 3771 των
486 3712 585 3779 τὴν
612 3709 896 3777 ποιητικὴν
925 3705 1007 3769 ε’ἱς
1034 3728 1089 3761 τε
1119 3706 1218 3771 τὴν
1247 3697 1453 3759 ἔνθουν
1481 3702 1570 3756 καὶ
1590 3700 1691 3767 τὴν
1710 3697 1987 3774 τεχνικήν·
2016 3696 2103 3751 καὶ
2132 3692 2327 3750 διελὼν
2351 3697 2451 3763 τὴν

359 3828 467 3882 μεν
493 3801 609 3859 ἀπὸ
631 3806 725 3858 τοῦ
747 3795 1154 3873 ἐνθουσιασμοῦ
1179 3795 1619 3872 μεγαλοφωνίαν
1646 3792 1733 3847 καὶ
1756 3787 1817 3845 τὸ
1840 3784 2001 3861 ὕψος,
2024 3786 2112 3843 ἐπὶ
2140 3810 2265 3851 τους
2288 3782 2451 3850 θεους

359 3901 700 3969 ἀνενεγκεῖν.
806 3889 885 3947 Τὸ
927 3893 1040 3966 γὰρ
1085 3884 1258 3962 ἁδρὸν
1307 3886 1395 3941 καὶ
1435 3878 1864 3960 μεγαλοπρεπες
1904 3888 2001 3947 τῆς
2036 3876 2352 3957 ἑρμηνείας,
2402 3877 2453 3935 οἱ

360 3988 601 4068 χρησμοὶ
645 3984 1008 4064 διαφερόντως
1055 3978 1266 4057 ἔχουσι·
1319 3979 1420 4044 τὴν
1457 3972 1513 4032 δε
1553 3973 1669 4031 ἀπὸ
1706 3981 1803 4041 τῆς
1847 3969 2206 4047 ἀνθρωπίνης
2249 3971 2452 4046 τέχνης

361 4074 761 4159 ἀποφήνασθαι
791 4079 868 4153 μὴ
886 4070 1029 4133 εἶναι
1053 4070 1190 4149 πρὸς
1216 4075 1318 4139 τὴν
1346 4078 1442 4137 τῆς
1469 4068 1682 4132 πόλεως
1703 4062 1905 4135 ταύτης
1938 4066 2247 4141 ἀριστείαν,
2270 4064 2360 4118 καὶ
2393 4061 2453 4119 τὸ

358 4169 757 4253 μεγαλουργον
793 4177 901 4226 τῶν
930 4167 990 4223 ἐν
1029 4168 1167 4241 αὐτῇ
1195 4164 1508 4239 τραφέντων
1547 4157 1819 4233 ἀνδρῶν’
1793 4164 2071 4234 ἀρκοῦσαν
2093 4158 2168 4219 εἷς
2197 4152 2449 4210 ἔπαινον.

1548 4270 1590 4311 G
