3125 5009
692 344 827 417 114
1294 368 1738 419 ANTmAcm
1779 363 2187 420 RELIQUIAE.

674 515 815 601 J'am
845 515 1098 604 antiqui
1129 515 1410 596 fuerunt,
1439 526 1513 581 ut
1539 516 1710 605 prior
1739 513 1965 579 scholii
2002 533 2152 599 pars
2182 509 2387 573 docet.
2482 503 2606 569 Sed
2644 522 2804 588 prae-

686 617 858 683 clara
903 627 1001 681 est
1048 618 1359 704 posterior
1409 619 1490 682 ob
1539 627 1746 705 poetae
1793 616 1992 679 nostri
2036 610 2500 687 testimonium,
2536 605 2700 670 forte
2737 602 2806 665 in

687 718 867 806 Lyde
908 719 1239 805 injectum.
1330 720 1546 806 Atque
1585 719 1780 806 hujus
1824 717 1973 796 fide,
2026 726 2098 779 ut
2149 714 2261 801 qui
2320 708 2576 799 propior
2613 712 2805 771 aetate

686 819 953 885 istorum
988 822 1354 907 mythorum
1377 820 1666 886 fontibus
1691 829 1844 898 erat,
1863 818 1980 882 niti
2001 812 2414 883 debebimus
2400 835 2467 875 in
2497 809 2806 886 HomerO,

691 930 765 986 ut
793 945 1055 987 noverca
1088 922 1473 988 Alo‘idarum
1512 922 1930 1010 accipiamus,
2025 918 2218 993 Quod
2261 926 2328 981 et
2372 914 2526 979 olim
2569 935 2610 975 a
2651 931 2816 974 non-

691 1024 887 1089 nullis
934 1024 1197 1104 factum,
1225 1024 1438 1111 prodit
1484 1024 1755 1089 alterum
1805 1020 2096 1086 scholion
2136 1018 2216 1083 ad
2258 1041 2317 1082 v.
2361 1016 2512 1081 385.
2556 1011 2811 1078 verbis:

692 1129 731 1205 ἡ
763 1126 1081 1214 Ἐρίβοια,
1111 1130 1149 1204 ἡ
1179 1132 1309 1195 τῶν
1344 1122 1706 1193 Ἀλωειὸὧν
1746 1125 2029 1212 μητρυιά.
2122 1119 2506 1208 Exemplum
2546 1116 2652 1181 hic
2697 1114 2820 1179 ha-

695 1229 943 1309 bemuS,
992 1251 1126 1315 quo
1176 1229 1278 1293 vel
1330 1229 1623 1315 abruptae
1677 1250 1714 1292 e
1766 1223 2112 1313 deperditis
2167 1222 2421 1309 scriptis
2476 1218 2816 1285 sententiae

696 1352 886 1395 usum
916 1350 1107 1395 suum
1136 1330 1504 1408 ostendant.

1650 1698 1858 1763 LXX.

700 1937 1124 2002 Pmmncn,
1158 1936 1558 2025 Symposiac.
1597 1936 1720 2015 IV,
1753 1937 1810 2000 8.
1845 1936 1953 1999 ubi
1997 1936 2448 2022 quaesiverant,
2485 1934 2641 2020 quid
2685 1934 2819 1998 sint

696 2037 871 2126 apud
905 2038 1359 2125 Empedoclem
1390 2039 1559 2124 μῆλα
1592 2037 1960 2125 ὑπέρφλοια,
1991 2061 2052 2125 p.
2085 2038 2236 2116 683,
2269 2036 2344 2100 Ε.
2405 2035 2689 2122 Scriptor
2719 2036 2815 2099 sic

697 2142 940 2227 pergit:
994 2143 1311 2219 Εἰπόντος
1352 2144 1468 2208 οὑν
1498 2144 1647 2226 ἐμοῦ
1686 2147 1896 2218 ταῦτα,
1932 2144 2355 2226 Γραμματικοί
2382 2167 2548 2214 τινες
2577 2138 2819 2224 ἔφασαν

699 2241 1051 2330 ὑπέρφλοια
1091 2242 1392 2330 λελέχθαι
1431 2245 1508 2310 τὰ
1548 2241 1718 2327 μῆλα
1760 2240 1858 2308 διὰ
1898 2246 2015 2319 τὴν
2057 2242 2282 2327 ἀκμήν.
2372 2243 2462 2306 Τὸ
2491 2242 2620 2327 γὰρ
2651 2241 2822 2326 ἄγαν

700 2344 997 2428 ἀκμάζειν
1038 2350 1136 2410 καὶ
1183 2344 1523 2423 τεθηλέναι,
1560 2344 1807 2431 φλοίειν
1842 2348 1965 2412 ὑπὸ
2010 2348 2139 2411 τῶν
2183 2348 2464 2421 ποιητῶν
2502 2340 2819 2429 λέγεσθαι·
2916 2362 2923 2367 ’

700 2452 797 2512 καὶ
827 2448 941 2512 τὸν
976 2448 1368 2533 Ἀντίμαχον
1415 2448 1580 2513 οὕτω
1621 2474 1761 2522 πως
1791 2445 2150 2533 φλοίουσαν
2184 2447 2466 2532 ὀπώραις
2515 2448 2814 2532 εἰρηκέναι

701 2550 817 2623 τὴν
852 2552 982 2614 τῶν
1029 2545 1358 2633 Καδμείων
1399 2549 1616 2615 πόλιν.
1711 2546 2002 2634 Respicit
2045 2547 2268 2612 eodem
2313 2547 2481 2611 alius
2525 2546 2815 2633 ejusdem

699 2647 843 2710 libri
875 2647 1076 2725 lOCUS,
1111 2646 1234 2726 IX,
1266 2650 1329 2713 9.
1365 2672 1425 2735 p.
1457 2651 1606 2713 735.
1654 2648 1740 2712 D.
1834 2652 1924 2716 Τὸ
1961 2652 2152 2737 θέρος
2195 2655 2292 2714 καὶ
2334 2651 2406 2713 τὸ
2438 2649 2812 2731 μετόπωρον

698 2784 805 2825 —,
837 2754 936 2815 ὅτε
977 2748 1251 2835 μάλιστα
1293 2752 1561 2838 χλωρὰν
1593 2758 1691 2817 καὶ
1723 2752 2104 2837 φλοίουσαν,
2136 2754 2224 2825 ὡς
2254 2751 2646 2835 Ἀντίμαχος
2675 2749 2815 2836 ἔφη,

700 2853 817 2927 τὴν
848 2855 1107 2936 ὀπώραν
1129 2857 1475 2937 γενομένην
1506 2884 1561 2919 κ.
1594 2852 1660 2919 λ.
1753 2851 1879 2917 Hic
1912 2851 2180 2939 χλωρὰν
2209 2851 2292 2915 ad
2319 2851 2815 2914 illustrationem

702 2953 1029 3037 sequentis
1089 2954 1263 3017 verbi
1322 2955 1576 3018 videtur
1633 2956 1716 3019 ab
1777 2955 1916 3041 ipso
1974 2952 2324 3017 Plutarcho
2382 2953 2814 3039 praepositum.

702 3052 921 3138 Poetae
953 3055 1128 3118 dicta
1168 3056 1409 3119 exitum
1452 3078 1670 3120 versus
1711 3058 1962 3121 efficere
2011 3064 2380 3142 potuerunt,
2423 3055 2544 3119 hoc
2589 3054 2816 3119 modo:

704 3134 1030 3240 Καδμείων
1083 3152 1147 3222 δὲ
1198 3156 1392 3223 πόλιν
1435 3156 1793 3243 φλοίουσαν
1836 3159 2138 3244 ὀπώραις,
2178 3157 2242 3222 h.
2273 3180 2332 3221 e.
2387 3155 2816 3221 Thebanorum

702 3260 913 3324 urbem
922 3260 1255 3347 fructzbus
1274 3261 1713 3326 abundantem.
1765 3260 1994 3325 Forma
2009 3268 2122 3327 τοῦ
2151 3259 2420 3347 φλοίειν,
2447 3269 2520 3323 ut
2547 3270 2612 3324 et
2640 3259 2814 3323 verbi

704 3363 1114 3449 significatio,
1141 3384 1173 3426 e
1207 3364 1544 3427 rarioribus
1575 3372 1695 3446 est,
1726 3384 1865 3442 nec,
1896 3372 2216 3449 quantum
2251 3362 2454 3441 video,
2487 3371 2746 3428 enotata
2775 3383 2816 3425 a

706 3464 1222 3551 Lexicographis.
1334 3463 1618 3551 Hesych.
1677 3473 1893 3529 tamen
1963 3463 2172 3549 φλέειν
2229 3464 2426 3529 habet
2497 3474 2564 3527 et
2611 3464 2811 3553 expl.

702 3570 931 3653 γέμειν,
963 3556 1309 3653 εὐκαρπεῒν,
1333 3568 1789 3653 πολυκαρπεῖν.
1882 3566 2152 3630 Accedit
2183 3566 2422 3631 AElian.
2451 3565 2534 3629 V.
2570 3565 2654 3630 H.
2690 3566 2819 3643 III,

699 3669 803 3731 41.
896 3671 987 3735 Τὸ
1016 3668 1446 3753 πολυκαρπεῖν
1475 3672 1535 3734 οἱ
1575 3670 1833 3755 ἀρχαῖοι
1874 3668 2212 3753 ὠνόμαζον
2251 3669 2495 3755 φλύειν,
2529 3667 2678 3735 ὅθεν
2706 3672 2820 3736 τὸν

706 3773 1029 3836 Διόνυσον
1055 3769 1319 3845 Φλεῶνα
1336 3768 1626 3849 ἐκάλουν,
1646 3769 1727 3834 ad
1753 3794 1816 3857 q.
1836 3770 1950 3833 l.v.
2001 3769 2292 3835 Perizon.
2321 3770 2644 3835 Videntur
2669 3793 2818 3835 vero

705 3872 895 3960 φλέω,
916 3869 1105 3956 φλίω,
1126 3871 1342 3958 φλείω,
1367 3870 1572 3958 φλύω,
1600 3871 1808 3959 φλοίω
1826 3894 2044 3936 omnes
2063 3874 2317 3937 nonnisi
2330 3874 2601 3937 ‘diversae
2626 3874 2816 3939 unius

709 3972 876 4035 verbi
898 3972 1114 4035 formae
1128 3971 1350 4052 fuisse,
1374 3982 1441 4037 et
1462 3974 1639 4039 notio
1663 3974 1902 4060 pariliS,
1920 3996 2169 4062 nempe,
2183 3973 2404 4060 plenus
2425 3998 2579 4054 sum,
2585 3974 2817 4061 ferax,

700 4076 911 4152 Ῑίονεο,
919 4071 1250 4160 fructibus
1282 4074 1594 4157 luxurior,
1627 4077 1709 4141 de
1747 4076 2079 4141 arboribus
2111 4078 2174 4140 in
2208 4078 2428 4164 primis
2455 4086 2524 4143 et
2549 4078 2814 4143 vitibus,

706 4176 792 4239 Et
817 4177 907 4239 ita
937 4186 1105 4241 recte
1136 4176 1220 4241 ab
1249 4177 1371 4242 hoc
1402 4180 1594 4244 verbo
1633 4180 1960 4244 derivatur
1987 4178 2198 4265 φλόος
2235 4202 2286 4243 ε.
2322 4180 2571 4265 φλοιός.
2665 4180 2816 4246 Νοη
