3125 5009
1279 318 1621 407 ἰἨΕέΑῐε.
2407 346 2492 416 81

393 491 639 580 ἀερθεὶς
670 498 876 585 pingit
907 510 1154 567 tantum
1186 505 1415 569 saltum
1447 515 1514 570 et
1545 510 1826 595 corporis
1867 520 2130 591 motum,
2161 522 2235 579 ut
2275 513 2401 579 od.
2433 521 2498 582 θ.

374 591 534 659 375.
567 604 635 661 et
664 620 833 687 saepe
864 601 1017 668 alibi
1044 626 1144 693 ap.
1176 605 1364 673 Hom.
1404 606 1629 673 Circus
1659 631 1693 675 e
1719 632 1946 697 genere
1975 613 2350 702 accipitrum
2383 626 2501 693 est,

387 691 467 757 de
507 719 641 783 quo
672 709 959 766 veterum
993 705 1131 770 loca
1164 709 1604 795 suppeditabit
1634 710 1711 775 C.
1747 711 2014 778 Gesner.
2047 713 2214 779 Hist.
2251 715 2402 780 Nat.
2433 738 2496 802 p.

383 797 493 861 48.
584 800 796 867 Habet
832 825 973 869 eum
1001 803 1101 871 Ill.
1132 806 1369 874 Buffon
1402 832 1519 898 pro
1552 811 1798 877 Linnaei
1831 814 2079 879 falcone
2111 814 2492 903 aeruginoso.

384 899 861 990 Ἐλαφρότατος
911 914 1225 986 πετεηνῶν
1282 924 1549 978 vocatur
1599 937 1859 1003 quoque
1914 915 1993 980 Il.
2049 946 2116 1005 χ.
2179 918 2320 983 139.
2383 917 2494 981 ubi

378 1004 600 1067 eadem
646 1005 775 1071 fere
823 1012 1236 1098 comparatio,
1332 1019 1550 1103 Κρήνη
1595 1017 1930 1098 ἆευᾶουσα,
1956 1017 2117 1107 fons
2142 1020 2350 1107 jugiS,
2382 1040 2494 1105 pe-

378 1102 604 1182 rennis,
646 1104 841 1191 epith.
880 1128 1013 1173 orn.
1069 1109 1213 1175 Vox
1260 1111 1506 1179 ἀενάων
1548 1114 1628 1179 iis
1670 1115 1965 1181 addenda
2005 1126 2123 1195 est,
2153 1116 2221 1181 in
2259 1117 2495 1204 quibus

378 1203 546 1289 prior
565 1205 815 1292 syllaba
830 1218 1064 1275 natura
1084 1212 1287 1277 brevis
1308 1214 1701 1299 producitur,
1720 1227 1794 1283 ut
1812 1216 2149 1302 ἀκάματος,
2173 1216 2494 1296 ἀθάνατος

372 1305 648 1395 aliaque,
679 1332 827 1396 quae
864 1313 1061 1378 habet
1092 1313 1311 1379 Clark.
1344 1316 1428 1380 ad
1471 1315 1544 1381 Il.
1593 1348 1649 1383 a.
1699 1318 1870 1398 398.,
1909 1340 2023 1384 nec
2069 1319 2274 1407 igitur
2304 1320 2487 1385 audi-

372 1405 577 1472 endus
608 1408 1015 1494 Eustathius,
1047 1417 1159 1503 qui
1190 1415 1316 1482 Od.
1341 1448 1395 1485 ν.
1425 1418 1561 1483 109.
1596 1418 1661 1481 in
1694 1419 1988 1507 plurimis
2021 1421 2484 1509 exemplaribus

370 1502 623 1570 videtur
658 1510 963 1595 reperisse
996 1518 1342 1582 αἰενάοντα.
1376 1515 1460 1580 V.
1501 1538 1648 1581 eum
1696 1539 1758 1605 p.
1815 1519 1997 1583 1735.
2032 1520 2073 1583 l.
2119 1520 2220 1583 57.
2261 1517 2342 1583 R.
2402 1520 2484 1583 cf·

376 1604 635 1675 Hesiod.
670 1610 751 1676 Ο.
780 1623 846 1679 et
878 1614 960 1680 D.
989 1617 1133 1682 548.
1168 1618 1311 1683 593.

1298 1955 1551 2021 XXIV.

464 2158 675 2242 ’Έσ-τι
717 2158 791 2241 ὃὲ
833 2200 935 2253 τις
976 2160 1296 2272 Νέμεα-ις,
1326 2165 1612 2275 μεγάλη
1649 2165 1827 2261 θεδς,
1870 2166 1910 2262 ἢ
1949 2164 2110 2247 τάδε
2153 2166 2396 2247 πάντα

475 2271 644 2377 Πρὸς
678 2272 1000 2381 μακάρων
1042 2272 1286 2378 ἔλαχε·
1349 2276 1579 2387 βωμόν
1620 2275 1698 2358 δέ
1737 2281 1798 2359 οἶ
1837 2276 2077 2360 εἴα-ατο
2119 2280 2383 2382 πρῶτος

460 2380 830 2489 ’Ἄδρηστος
868 2401 1211 2494 ποταμοῖο
1249 2388 1445 2494 παραὶ
1489 2388 1614 2472 ‘o‘ov
1663 2388 2026 2485 Αἶα-ἦποιο·

460 2492 671 2576 ’Ένθοι
713 2496 1083 2606 τετίμηται
1127 2534 1201 2579 τε
1243 2496 1361 2581 καὶ
1402 2501 1483 2581 'A
1521 2500 1797 2607 ρῆστειοι
1837 2516 2184 2582 καλεῖται.

358 2724 904 2810 FRAGMENTUM,
935 2728 1100 2794 inter
1128 2730 1549 2796 Antimachea
1591 2732 1776 2797 facile
1821 2729 2317 2810 celeberrimum,
2346 2752 2474 2794 ser-

355 2830 528 2894 vavit
569 2831 813 2917 primus
854 2830 1084 2898 Strabo
1128 2832 1323 2899 XIII.
1356 2856 1417 2921 p.
1451 2835 1597 2900 588.
1633 2835 1842 2916 (880),
1872 2843 2022 2924 post
2050 2834 2226 2898 hunc
2255 2834 2469 2920 plures

352 2932 482 3013 alii,
526 2932 909 3021 Harpocrat.
953 2956 1017 3021 p.
1065 2935 1189 3015 13„
1237 2934 1474 3001 Suidas
1512 2960 1574 3001 v.
1609 2934 1998 3024 Ἀδράστεια,
2041 2934 2344 3001 Eustath.
2387 2935 2468 3000 ad

356 3033 435 3101 11.
466 3033 541 3123 β.
568 3058 633 3122 p.
663 3037 813 3101 355.
848 3035 1051 3102 Mich.
1084 3038 1371 3125 Apostol.
1404 3039 1750 3105 Proverbb.
1793 3039 1847 3120 1,
1879 3041 1988 3119 40,
2020 3060 2224 3125 eoque
2255 3058 2470 3101 recen-

353 3138 545 3203 tiores
587 3138 850 3225 quidam
894 3140 1248 3206 alluserunt
1295 3140 1442 3206 idve
1491 3140 1908 3222 advocarunt,
1951 3139 2298 3227 praesertim
2340 3138 2470 3201 Pa-

352 3240 825 3329 roemiographi,
858 3251 930 3306 ut
960 3241 1207 3309 Erasm.
1232 3244 1443 3323 Adag.
1479 3266 1541 3331 p.
1575 3246 1748 3324 725„
1772 3243 1852 3309 ad
1885 3264 2077 3330 quem
2109 3241 2226 3306 loc.
2259 3239 2343 3305 cf.
2380 3239 2464 3304 H.

350 3348 572 3438 Stepb.
626 3348 693 3413 in
747 3350 927 3416 Nott.
1022 3352 1325 3419 Meminit
1376 3353 1606 3419 horum
1655 3336 1958 3419 versuum
2013 3349 2460 3437 GeographuS,

348 3474 497 3517 cum
526 3452 593 3516 in
628 3450 763 3539 agri
808 3450 1110 3541 Cyziceni
1153 3454 1581 3542 descriptione
1610 3464 1847 3533 narrat,
1878 3475 1998 3518 sua
2027 3452 2241 3517 adhuc
2274 3460 2463 3517 aetate

351 3553 681 3619 Adrasteae
717 3554 939 3619 fanum
969 3555 1138 3641 apud
1174 3554 1483 3643 Cyzicum
1515 3554 1790 3621 ostendi.
1884 3552 2036 3641 Ipsa
2064 3555 2256 3617 verba
2285 3552 2463 3617 nulla

347 3656 640 3723 laborant
667 3654 1073 3721 difficultate.
1168 3657 1249 3721 V.
1287 3658 1342 3723 1.
1393 3656 1431 3734 ἣ
1476 3656 1620 3725 τάδε
1664 3659 1870 3725 πάντα
1921 3655 2002 3721 ad
2051 3676 2128 3721 ea
2173 3656 2350 3734 refer,
2381 3654 2462 3719 de

348 3758 591 3847 quibus
620 3768 770 3824 ante
794 3758 859 3822 in
890 3758 1168 3824 carmine
1198 3759 1444 3824 dictum
1472 3768 1628 3839 erat,
1658 3780 1887 3846 nempe
1917 3756 2101 3835 forte,
2131 3756 2462 3843 impiorum

328 3860 701 3950 facinorum
731 3860 1504 3949 ultionem,justorumque
1542 3860 2092 3926 remunerationem
2133 3868 2255 3924 etc.
2318 3858 2461 3924 Hoc

348 3966 633 4031 muneris
669 3968 835 4053 πρὸς
877 3965 1173 4051 μακάρων
1220 3963 1429 4051 ἔλαχε.
1522 3963 1854 4028 Posterius
1900 3962 2165 4026 verbum
2203 3961 2460 4025 solenne

350 4068 429 4132 de
477 4076 657 4154 parte
704 4088 815 4131 seu
859 4064 1187 4154 provincia
1236 4064 1480 4130 numini
1527 4066 1763 4154 cuique
1808 4062 2072 4141 tributa,
2109 4085 2258 4150 quoe
2304 4062 2460 4127 alias

352 4174 517 4257 τιμὴ,
544 4176 755 4258 γέρας,
786 4170 933 4237 αἶσα
960 4168 1219 4249 dicitur,
1246 4177 1320 4233 ut
1350 4190 1519 4255 saepe
1549 4168 1616 4232 in
1652 4164 1916 4233 Hesiod.
1957 4164 2222 4253 Theog.‚
2261 4164 2372 4230 ubi
2403 4187 2460 4229 v.

1384 4288 1429 4333 Ν
