3125 5009
883 338 1251 389 DIA'rRmE
1292 340 1387 389 m:
1426 340 1905 391 AN‘mMAcuo.
2344 318 2439 387 49

337 480 472 547 sius
503 483 582 547 ad
614 483 851 552 Catull.
884 508 945 575 p.
969 488 1116 554 323.
1146 487 1483 556 Villoison.
1521 488 1879 577 Rrolegom.
1907 489 1986 553 ad
2025 487 2209 553 Iliad.
2236 511 2299 575 p.
2326 488 2437 552 24.

335 581 658 653 Stanleius
687 588 768 655 ad
801 588 1028 677 Mysos
1060 590 1354 681 AEschyli
1387 615 1450 681 p.
1486 592 1633 657 858.

426 686 602 754 Inter
645 690 1012 759 Antimachi
1056 705 1370 780 poemata,
1413 694 1651 783 primas
1699 692 1980 760 obtinuit
2031 690 2315 779 Elegeia,
2360 693 2441 758 de

333 788 469 877 qufi⁴
525 792 615 857 ita
672 793 953 882 loquitur
1023 796 1417 863 Plutarchus
1479 798 1740 863 Consol.
1801 796 2101 883 Apollod.
2164 819 2225 883 p.
2297 796 2436 859 184.

332 892 694 983 Ἐχρήσατο
735 895 798 965 δὲ
841 903 920 987 τῇ
957 903 1208 989 τοιαύτῃ
1251 900 1480 989 ἆγωγῇ
1521 908 1618 969 καὶ
1657 899 2046 989 Ἀντίμαχος
2092 904 2127 966 ὁ
2176 903 2440 978 ποιητὴς

329 996 808 1087 (Κολοφώνιος)
837 1000 1288 1081 ἀποθανούσης
1332 1006 1458 1092 γὰρ
1495 1014 1608 1081 τῆς
1639 1005 1940 1091 γυναικὸς
1970 1003 2161 1070 αὐτοῦ
2205 999 2439 1079 Λύδης,

329 1100 496 1187 πρὸς
547 1099 627 1178 ἣν
679 1102 1126 1192 φιλοστόργως
1179 1105 1331 1192 εἶχε,
1386 1102 1784 1194 παραμύθιον
1836 1113 1948 1181 τῆς
2008 1102 2218 1180 λύπης
2272 1104 2440 1189 αὐτῷ

329 1203 576 1280 ἐποίησε
591 1207 707 1283 τὴν
725 1204 1046 1293 Ἐλέγειαυ
1065 1209 1181 1285 τὴν
1206 1205 1596 1292 καλουμένην
1617 1202 2438 1292 Λύδην,ἐξαριθμησᾶμενος

327 1304 445 1381 τὰς
490 1307 763 1393 ἡρωῖκὰς
810 1310 1160 1396 συμφορὰς,
1195 1316 1331 1385 τοῖς
1377 1308 1748 1396 ἀλλοτρίοις
1792 1317 2004 1384 κακοῖς
2043 1304 2281 1372 ἐλάττω
2319 1306 2435 1382 τὴν

327 1408 548 1475 ἑαυτοῦ
569 1413 772 1476 ποιῶν
800 1407 1036 1488 λύπην.
1129 1408 1350 1475 Simile
1382 1411 1709 1499 quoddam
1736 1408 1971 1475 amoris
2004 1407 2102 1472 sui
2134 1406 2432 1472 solatium

329 1508 625 1577 adhibuit
659 1510 1141 1579 Hermesianax.
1217 1513 1394 1579 Inter
1423 1513 1571 1594 alia,
1604 1522 1857 1601 raptum
1887 1532 2145 1599 quoque
2177 1509 2437 1574 Proser·

331 1612 500 1701 pinae
530 1614 595 1678 in
623 1613 797 1702 Lyde
818 1612 1348 1681 commemorfirat
1374 1608 1825 1694 Antimachus,
1848 1610 1939 1678 uti
1966 1613 2269 1699 colligere
2286 1609 2435 1675 licet

327 1712 364 1779 ὲ
403 1716 628 1805 fragm.
659 1718 833 1804 apud
866 1715 1045 1783 Suid.
1078 1742 1137 1782 v.
1171 1717 1542 1805 Ὀργεῶυες.
1576 1722 1612 1783 ὁ
1643 1723 1808 1804 γοῦν
1837 1717 2227 1801 Ἀντίμαχος
2258 1716 2323 1781 ἐν
2354 1715 2435 1801 τῇ

327 1816 500 1908 Λύὃῃ
528 1824 713 1907 γενεᾷ
745 1817 1138 1907 Καβιίρνους
1169 1817 1348 1896 θῆκεν
1380 1817 1709 1907 ἇβακλέας
1740 1821 2064 1906 ὀργεῶνας
2089 1838 2107 1895 ;
2153 1814 2262 1880 ubi
2288 1814 2432 1879 luce

325 1920 558 1986 clarius
599 1931 698 1987 est
736 1921 862 2008 legi
894 1921 1124 1987 debere
1167 1919 1342 2009 Λύδη
1379 1920 1638 2008 ἐλεγείᾳ.
1688 1918 2049 1985 Bochartus
2080 1915 2432 2003 ἆγακλέαςς

327 2021 500 2089 recte
517 2047 535 2104 ς
583 2025 672 2088 ita
701 2023 869 2089 enim
902 2023 1178 2089 Photius
1208 2020 1352 2087 MS.
1401 2021 1676 2086 Versum
1702 2018 1851 2087 vero
1881 2020 2055 2085 hunc
2080 2019 2145 2083 in
2169 2017 2430 2082 modum

321 2126 583 2214 refingO,
631 2123 1026 2214 Καβάρνους
1068 2125 1192 2203 (vel
1236 2122 1661 2213 Καρβάνους)
1704 2128 1817 2210 μὲν
1847 2120 2060 2199 ’έθηκεν
2114 2118 2429 2207 ἆγακλὲας

325 2231 690 2317 ὀργειῶνας.
757 2228 1034 2293 Photius
1077 2230 1417 2315 ὀργιῶνας.
1511 2225 1699 2291 Hanc
1744 2224 2146 2291 occasionem
2178 2227 2431 2300 nactus,

322 2352 540 2397 versus
569 2332 882 2419 quondam
907 2329 1449 2397 Hermesianactis
1474 2328 1790 2415 corrigere
1814 2327 2103 2405 tentab0,
2124 2323 2235 2412 qui
2256 2324 2429 2410 apud

319 2432 706 2499 Athenaeum
724 2433 1046 2522 leguntur,
1063 2442 1128 2497 et
1148 2431 1609 2497 emendatiores
1628 2430 1803 2517 apud
1822 2426 2177 2493 Ruhnken.
2215 2423 2427 2512 Epist.

325 2534 488 2601 crit.
523 2534 614 2599 11.
645 2558 710 2623 p.
741 2534 890 2600 287.

581 2698 676 2764 Οὐ
705 2700 831 2783 μὴν
862 2694 997 2765 οὐδ’
1024 2698 1162 2773 ὑιὸς
1195 2700 1463 2773 Μήνης*
1495 2694 1847 2782 ἀγέραστον
1878 2690 2089 2769 ’έθηκεν

671 2807 1023 2879 Μουσαῖος,
1060 2803 1350 2886 Χαρίτων
1377 2798 1639 2885 ἤρανος,
1672 2794 2036 2872 Ἀντιόπην·

567 2900 719 2969 ’Ἡτε
748 2901 1268 2987 πολυμνήστησιν
1296 2896 1674 2975 Ἐλευσῖνος
1703 2899 1871 2986 παρὰ
1903 2896 2099 2973 πέζαν

669 3003 966 3089 Εὖοσμου
997 3007 1275 3089 κρυφίων
1306 3000 1578 3087 ἐξεφόρει
1610 3000 1876 3087 λογίων,

575 3106 832 3196 Ῥάριον
862 3110 1102 3193 ὀργίων
1135 3104 1339 3188 ἆνέμω
1369 3100 1871 3170 διαποιπνΰουσα

669 3214 988 3295 Δήμητρα·
1041 3208 1297 3294 γνωστὴ
1329 3201 1385 3271 δ’
1415 3207 1541 3271 ἐστὶ
1576 3210 1671 3271 καὶ
1705 3208 1794 3271 εἶν
1826 3200 1993 3289 ἆΐδῃ.

311 3438 320 3447 ,
406 3370 837 3437 Ruhnkenius
867 3366 1104 3457 optime
1134 3364 1171 3431 ὲ
1202 3364 1366 3432 cod.
1394 3363 1624 3430 Venet.
1662 3364 1962 3447 Εὐασμὸν
1996 3360 2063 3426 in
2098 3360 2208 3425 4to
2238 3381 2421 3424 versu

320 3474 520 3542 dedit.
611 3472 834 3539 Pauca
885 3480 1100 3536 autem
1149 3452 1604 3558 praemonenda
1648 3472 1817 3529 sunt.
1908 3462 2203 3529 Musaeus
2254 3461 2425 3525 filius

319 3578 445 3643 fuit
474 3576 802 3663 Eumolpi,
827 3572 938 3662 qui
966 3570 1161 3637 Sacra
1191 3568 1521 3635 Eleusinia
1549 3567 1944 3644 instituerat3
1990 3587 2251 3630 uxorem
2274 3560 2425 3630 vero

319 3680 546 3746 habuit
560 3677 904 3765 Antiopam
933 3675 1030 3739 vel
1058 3674 1376 3759 De‘iopam
1398 3695 1417 3751 3
1446 3668 1595 3735 cum
1616 3679 1832 3734 autem
1847 3667 2140 3731 Musaeus
2160 3664 2426 3731 Eumol-

317 3783 610 3871 pidarum
651 3780 913 3868 primus,
953 3775 1201 3843 Cereris
1246 3773 1548 3861 mysteria
1588 3770 2080 3848 administraret,
2122 3766 2425 3833 credibile

317 3894 418 3950 est
448 3882 796 3970 Antiopam
833 3878 1161 3945 adstitisse
1199 3874 1444 3955 marito,
1473 3884 1670 3961 atque
1704 3872 1979 3955 εὐασμὸν
2013 3867 2077 3932 in
2122 3867 2420 3933 honorem

401 4090 434 4125 Φ
480 4084 634 4145 Hinc
655 4083 838 4163 liquet
863 4080 1019 4163 apud
1049 4077 1216 4141 said.
1248 4098 1301 4137 v.
1341 4084 1652 4144 Μουσαῖος,
1680 4070 1991 4151 legendum
2020 4088 2144 4130 esse
2176 4073 2425 4141 Σελήνης

321 4187 424 4249 pro
449 4168 683 4239 Ἑλένης
711 4173 888 4243 atque
915 4165 994 4223 ita
1022 4159 1256 4241 quidem
1289 4154 1693 4237 Aristophanis
1720 4151 2068 4213 Scholiasta.

1353 4275 1398 4317 Η
