3125 5009
1026 335 1468 387 AwrlMAcffl
1507 340 1707 388 vim.
2314 326 2411 393 45

311 502 438 543 non
491 482 646 546 adeo
695 483 1111 571 frequentatae
1166 496 1380 551 nostro
1421 487 1794 574 hujusmodi
1842 490 2055 555 formae
2109 515 2248 559 esse
2300 496 2415 559 de-

309 584 604 664 buerunt,
639 585 693 650 si
733 608 860 651 non
901 587 1117 675 plures
1150 587 1398 669 habuit,
1425 613 1624 676 quam
1656 591 1721 657 in
1753 592 2077 659 Nicandro
2111 617 2281 661 nunc
2314 620 2413 663 re-

310 708 610 771 perimuS.

396 891 527 956 Sed
587 894 726 958 haec
785 894 1009 959 obiter.
1121 895 1431 961 Volebam
1490 898 1663 962 enim
1715 900 2172 981 demonstrare,
2224 905 2413 969 Anti-

305 994 516 1059 machi
561 996 847 1061 studium
896 1021 1017 1062 non
1066 999 1321 1063 omnino
1360 1000 1525 1063 inter
1566 999 1831 1066 Graecos
1876 1011 2093 1087 poetas
2138 1004 2410 1087 frixisse,

305 1097 456 1162 licet
486 1121 611 1163 non
631 1100 847 1163 onmia
872 1101 938 1163 in
965 1123 1038 1165 eo
1064 1100 1414 1188 probarint.
1509 1102 1761 1167 Deinde
1792 1103 1947 1167 illud
1982 1127 2020 1168 a
2053 1105 2298 1170 Graecis
2328 1109 2409 1171 ad

309 1201 638 1269 Romanos
687 1204 878 1283 venit,
921 1204 1092 1290 apud
1142 1227 1306 1292 quos
1353 1216 1606 1291 poetam
1648 1205 1855 1270 doctis
1898 1206 2263 1273 hominibus
2302 1232 2437 1283 ne-¹

310 1328 638 1394 quaquam
663 1306 957 1394 ignotum
989 1306 1208 1387 fuisse,
1228 1308 1465 1395 saepius
1496 1308 1779 1372 adducta
1810 1309 2002 1373 verba
2034 1310 2409 1377 Ciceronis*

307 1407 718 1492 persuadent,
763 1431 841 1473 ne
885 1409 966 1473 de
1011 1408 1291 1489 Catullo,
1333 1409 1573 1474 ovidio
1610 1420 1675 1473 et
1714 1411 1856 1474 aliis
1902 1411 2133 1476 iterum
2173 1413 2409 1478 dicam.

309 1510 415 1573 Ab
439 1512 721 1597 Augusti
759 1523 972 1576 tamen
1015 1533 1171 1591 aev0,
1207 1513 1258 1575 si
1303 1535 1451 1577 vera
1487 1514 1768 1577 narravit
1804 1514 1934 1577 Dio
1965 1513 2252 1597 CassiuS,
2284 1541 2412 1584 non

309 1634 538 1698 parum
584 1614 822 1701 negligi
874 1623 1137 1700 coeptus
1179 1624 1298 1694 est,
1352 1616 1442 1678 ita
1488 1624 1599 1694 ,ut,
1653 1615 1981 1681 Hadriano
2039 1617 2411 1705 imperante,

309 1736 540 1779 nomen
572 1714 743 1779 illius
784 1717 1007 1803 paucis
1045 1728 1213 1781 esset
1253 1718 1619 1793 auditum.†
1708 1717 1903 1782 Hunc
1935 1729 2148 1782 autem
2181 1720 2416 1806 princi-

310 1837 479 1901 pem,
510 1816 616 1880 ille
647 1816 855 1898 refert,
887 1827 1068 1883 tanto
1097 1820 1237 1905 ejus
1273 1820 1488 1884 studio
1529 1819 1921 1905 flagravisse,
1952 1829 2024 1884 ut
2056 1819 2412 1886 Homerum

313 1918 472 1982 adeo
501 1940 582 1983 ex
624 1918 954 1984 hominum
997 1922 1294 1985 manibus
1332 1932 1653 2001 excutere,
1687 1921 2012 2008 hujusque
2054 1922 2192 1987 loco
2228 1923 2417 1987 Anti-

312 2021 612 2085 machum
653 2022 1054 2087 introducere
1098 2023 1390 2087 voluerit.
1491 2022 1812 2086 Nimirum
1856 2023 2214 2109 imperator,
2248 2023 2417 2090 inter

311 2124 564 2190 criticos
620 2126 804 2213 quasi
865 2126 1025 2192 alter
1076 2126 1366 2189 Tiberius
1413 2125 1511 2189 vel
1563 2125 1885 2212 Caligula,
1933 2147 2059 2189 non
2117 2125 2415 2191 indoctus

312 2227 595 2313 quidem,
621 2228 730 2293 sed
763 2229 988 2293 morosi
1013 2229 1247 2316 judicii
1275 2237 1431 2309 erat,
1451 2252 1585 2316 quo
1604 2228 1794 2292 etiam
1820 2227 2094 2315 Virgilio
2126 2228 2413 2293 Ennium

312 2330 704 2418 praeferebat.
797 2332 1216 2395 Antimacheo
1250 2341 1460 2395 autem
1505 2330 1821 2395 scribendi
1864 2353 2092 2417 genere
2122 2332 2289 2396 idem
2323 2333 2417 2397 ita

312 2434 666 2499 delectatus
705 2443 824 2513 est,
857 2444 928 2498 ut
962 2435 1264 2499 Graecum
1302 2456 1578 2523 carmen,
1622 2433 1839 2499 nescio
1882 2434 2079 2520 quod,
2098 2436 2198 2517 „ad
2239 2436 2412 2500 illius

311 2537 730 2602 imitationem
754 2538 1218 2626 componeret.‡
1286 2536 1503 2624 Atque
1524 2537 1646 2600 hoc
1664 2536 2088 2600 laudatissimi
2106 2538 2416 2625 principis

313 2642 676 2728 exemplum
735 2663 884 2705 mox
945 2663 1140 2705 novos
1193 2640 1455 2703 lectores
1520 2648 1735 2703 nostro
1787 2636 2163 2703 conciliasse
2220 2640 2415 2705 videri

393 2885 425 2916 *
473 2884 753 2962 Maynum
785 2884 961 2957 illud,
990 2884 1147 2962 quod
1171 2884 1432 2956 novistiS,
1461 2884 1749 2942 volumen.

396 2987 432 3044 †
478 2976 770 3055 Excerpta
799 2975 1018 3053 Xiphil.
1041 2976 1134 3034 el.
1171 2976 1382 3034 LXIX.
1406 2996 1458 3035 c.
1486 2980 1544 3035 4.
1593 2976 1753 3036 Οὕτω
1782 2981 1846 3056 τῇ
1874 2977 2032 3055 φύσει
2061 2984 2301 3043 τοιοῦτος
2322 2976 2415 3048 ἦν,

314 3070 469 3131 d'cre
488 3075 564 3150 μὴ
580 3074 758 3151 μόνον
783 3080 906 3137 τοῖς
929 3073 1120 3142 ζῶσιν,
1143 3074 1299 3129 ἀλλὰ
1323 3074 1410 3127 καὶ
1437 3080 1554 3137 τοῖς
1580 3073 1938 3138 τελευτήσασι
1964 3067 2216 3147 φθονεῖν.
2301 3071 2419 3129 Τὸν

316 3171 456 3239 γοῦν
480 3162 748 3243 “Ομηρον
775 3164 1086 3233 καταλύων,
1107 3162 1456 3242 Ἀντίμαχον
1486 3162 1606 3222 ἀντ’
1628 3166 1796 3222 αὐτοῦ
1824 3164 2068 3236 εἰσῆγεν,
2099 3158 2165 3219 οὗ
2190 3161 2327 3242 μηδὲ
2354 3163 2418 3222 τὸ

311 3258 492 3335 ὄνομα
511 3260 709 3316 πολλοὶ
736 3260 998 3333 πρότερον
1026 3260 1349 3326 ἠπίσταντο.
1407 3253 1628 3313 Eadem
1650 3252 1827 3311 habet
1844 3252 2011 3310 Suid.
2038 3273 2089 3310 v·
2107 3252 2415 3330 Ἀδριανός.

396 3357 423 3420 1
467 3348 756 3427 Spartian.
785 3347 841 3405 in
873 3346 1156 3405 Hadrian.
1183 3366 1236 3406 c.
1288 3349 1379 3406 15.
1425 3347 1835 3410 Camerinum,
1869 3345 2046 3403 libros
2081 3344 2419 3405 obscurissi-

313 3462 456 3515 mos,
489 3442 906 3500 Antimachum
933 3440 1241 3512 imitandO,
1267 3441 1520 3516 scripsit.
1609 3439 1675 3496 In
1712 3437 1802 3495 his
1827 3437 2135 3515 imperator
2162 3437 2419 3516 profecto

316 3534 651 3612 magistrum
683 3534 856 3609 longe
886 3531 1178 3611 superavit
1203 3530 1577 3601 obscuritate,
1607 3530 1655 3589 si
1684 3529 1873 3607 ipsum
1902 3548 2050 3607 opus
2086 3548 2203 3587 non
2233 3531 2419 3609 magis

313 3626 566 3686 lucidum
600 3625 730 3697 fuit,
761 3645 938 3704 quarn
966 3626 1095 3682 haec
1125 3622 1438 3701 inscriptio,
1527 3621 1700 3682 Hanc
1731 3621 1878 3680 inter
1907 3620 2089 3680 nodos
2110 3620 2417 3681 inextrica-

315 3719 457 3780 biles
503 3738 628 3778 esse
669 3718 825 3778 docti
854 3717 1065 3790 sciunt,
1101 3736 1170 3775 ac
1206 3715 1255 3774 si
1290 3734 1522 3774 omnem
1565 3712 1916 3774 emendandi
1948 3713 2251 3784 rationem,
2282 3733 2419 3791 quae

313 3812 525 3872 criticis
557 3811 799 3890 placuit,
838 3828 1170 3889 percensere
1204 3807 1492 3878 deberem,
1523 3807 1648 3865 dies
1684 3825 1775 3864 me
1813 3804 2102 3863 deficeret.
2191 3805 2421 3886 Legunt

317 3916 420 3965 aut
443 3904 778 3974 emendant,
815 3903 1228 3978 Catacaymos,
1264 3900 1656 3958 Catacaumos
1684 3918 1731 3955 S.
1771 3898 2209 3969 Gatacausmoe,
2248 3898 2419 3957 Colo-

317 4000 591 4077 cynthaS,
632 3996 1095 4073 CatachlyanoS,
1134 3992 1563 4051 Catachrianos
1591 3990 1650 4050 h.
1687 3996 1822 4050 κατὰ
1852 3996 2053 4069 χρείαν
2073 3996 2417 4069 λεγομένων,

317 4099 386 4151 τὰ
415 4096 555 4151 κατὰ
585 4088 845 4156 Κάννας,
869 4093 1008 4147 κατὰ
1033 4086 1279 4155 Ῥιάνου,
1303 4090 1439 4144 κατὰ
1467 4086 1770 4160 Τραῖάνου,
1800 4081 1912 4142 κατ’
1933 4081 2250 4160 Ἀδριᾶνου,
2280 4090 2418 4143 κατὰ

319 4187 599 4243 Τατιάνου
631 4202 678 4239 S.
711 4181 1023 4250 Ἀκκιὰνου,
1061 4175 1427 4256 κατακριτοῧς,
1473 4184 1531 4233 et
1569 4174 1709 4252 quid
1747 4174 1907 4232 non?
1951 4174 2047 4232 Cf.
2095 4173 2415 4250 Disputatt.

321 4275 522 4335 laudd.
554 4275 628 4334 ab
660 4271 992 4332 111.Harles.
1022 4269 1341 4329 Introduct.
1371 4268 1430 4325 in
1461 4267 1614 4326 Hist.
1636 4266 1675 4327 l.
1704 4267 1806 4325 Gr.
1842 4286 1899 4343 p.
1941 4268 2102 4337 365.,
2134 4276 2191 4357 et
2211 4264 2415 4325 Virum
