<?xml version="1.0" encoding="UTF-8"?>
<!DOCTYPE html PUBLIC "-//W3C//DTD XHTML 1.0 Transitional//EN"
    "http://www.w3.org/TR/xhtml1/DTD/xhtml1-transitional.dtd">
<html xmlns="http://www.w3.org/1999/xhtml" xml:lang="en" lang="en">
 <head>
  <title>
</title>
<meta http-equiv="Content-Type" content="text/html;charset=utf-8" />
  <meta name='ocr-system' content='tesseract 3.04.00' />
  <meta name='ocr-capabilities' content='ocr_page ocr_carea ocr_par ocr_line ocrx_word'/>
</head>
<body>
  <div class='ocr_page' id='page_1' title='image "antimachicoloph00wolfgoog_0134.png"; bbox 0 0 3125 5009; ppageno 0'>
   <div class='ocr_carea' id='block_1_1' title="bbox 806 319 2418 387">
    <p class='ocr_par' dir='ltr' id='par_1_1' title="bbox 806 319 2418 387">
     <span class='ocr_line' id='line_1_1' title="bbox 806 319 2418 387; baseline 0.005 -8"><span class='ocrx_word' id='word_1_1' title='bbox 806 331 1275 382; x_wconf 73' lang='lat' dir='ltr'>FRAGMENTA</span> <span class='ocrx_word' id='word_1_2' title='bbox 1317 334 1664 384; x_wconf 71' lang='lat' dir='ltr'>mcssa‘rAE</span> <span class='ocrx_word' id='word_1_3' title='bbox 1695 336 1928 385; x_wconf 70' lang='lat' dir='ltr'>sams,</span> <span class='ocrx_word' id='word_1_4' title='bbox 2290 319 2418 387; x_wconf 88' lang='lat'>121</span> 
     </span>
    </p>
   </div>
   <div class='ocr_carea' id='block_1_2' title="bbox 304 477 2426 3623">
    <p class='ocr_par' dir='ltr' id='par_1_2' title="bbox 304 477 2424 3419">
     <span class='ocr_line' id='line_1_2' title="bbox 306 477 2424 573; baseline 0.006 -34"><span class='ocrx_word' id='word_1_5' title='bbox 306 483 481 540; x_wconf 89' lang='lat' dir='ltr'>esset</span> <span class='ocrx_word' id='word_1_6' title='bbox 524 477 885 565; x_wconf 84' lang='lat' dir='ltr'>legendum.</span> <span class='ocrx_word' id='word_1_7' title='bbox 979 480 1108 545; x_wconf 89' lang='lat' dir='ltr'>Pro</span> <span class='ocrx_word' id='word_1_8' title='bbox 1154 481 1265 545; x_wconf 91' lang='lat' dir='ltr'>illa</span> <span class='ocrx_word' id='word_1_9' title='bbox 1310 482 1648 570; x_wconf 83' lang='lat' dir='ltr'>scriptura,</span> <span class='ocrx_word' id='word_1_10' title='bbox 1689 486 1995 573; x_wconf 86' lang='lat' dir='ltr'>quoniam</span> <span class='ocrx_word' id='word_1_11' title='bbox 2043 486 2305 551; x_wconf 81' lang='lat' dir='ltr'>verbum</span> <span class='ocrx_word' id='word_1_12' title='bbox 2355 487 2424 551; x_wconf 88' lang='lat' dir='ltr'>in</span> 
     </span>
     <span class='ocr_line' id='line_1_3' title="bbox 309 575 2415 675; baseline 0.007 -36"><span class='ocrx_word' id='word_1_13' title='bbox 309 575 591 644; x_wconf 85' lang='lat' dir='ltr'>Homero</span> <span class='ocrx_word' id='word_1_14' title='bbox 610 580 781 657; x_wconf 77' lang='grc' dir='ltr'><em>ἅπαξ</em></span> <span class='ocrx_word' id='word_1_15' title='bbox 805 580 1156 668; x_wconf 79' lang='grc' dir='ltr'><em>λεγόμενον</em></span> <span class='ocrx_word' id='word_1_16' title='bbox 1185 592 1339 663; x_wconf 83' lang='lat' dir='ltr'>erat,</span> <span class='ocrx_word' id='word_1_17' title='bbox 1370 584 1699 673; x_wconf 65' lang='lat' dir='ltr'>pugnasse</span> <span class='ocrx_word' id='word_1_18' title='bbox 1730 587 1982 653; x_wconf 83' lang='lat' dir='ltr'>videtur</span> <span class='ocrx_word' id='word_1_19' title='bbox 2009 588 2415 675; x_wconf 84' lang='lat' dir='ltr'>etymologia,</span> 
     </span>
     <span class='ocr_line' id='line_1_4' title="bbox 305 680 2420 776; baseline 0.007 -34"><span class='ocrx_word' id='word_1_20' title='bbox 305 700 425 765; x_wconf 91' lang='lat' dir='ltr'>pro</span> <span class='ocrx_word' id='word_1_21' title='bbox 452 680 575 745; x_wconf 85' lang='lat' dir='ltr'>hac</span> <span class='ocrx_word' id='word_1_22' title='bbox 606 705 761 747; x_wconf 88' lang='lat' dir='ltr'>usus</span> <span class='ocrx_word' id='word_1_23' title='bbox 792 685 986 749; x_wconf 87' lang='lat' dir='ltr'>etiam</span> <span class='ocrx_word' id='word_1_24' title='bbox 1017 686 1324 750; x_wconf 80' lang='lat' dir='ltr'>seriorum</span> <span class='ocrx_word' id='word_1_25' title='bbox 1354 687 1760 773; x_wconf 89' lang='lat' dir='ltr'>scriptorum,</span> <span class='ocrx_word' id='word_1_26' title='bbox 1790 712 1986 776; x_wconf 88' lang='lat' dir='ltr'>quam</span> <span class='ocrx_word' id='word_1_27' title='bbox 2016 698 2232 755; x_wconf 87' lang='lat' dir='ltr'>tamen</span> <span class='ocrx_word' id='word_1_28' title='bbox 2273 712 2420 755; x_wconf 73' lang='lat' dir='ltr'>nor-</span> 
     </span>
     <span class='ocr_line' id='line_1_5' title="bbox 305 782 2418 857; baseline 0.006 -13"><span class='ocrx_word' id='word_1_29' title='bbox 305 803 476 845; x_wconf 86' lang='lat' dir='ltr'>mam</span> <span class='ocrx_word' id='word_1_30' title='bbox 506 782 718 848; x_wconf 88' lang='lat' dir='ltr'>minus</span> <span class='ocrx_word' id='word_1_31' title='bbox 748 794 985 849; x_wconf 82' lang='lat' dir='ltr'>certam</span> <span class='ocrx_word' id='word_1_32' title='bbox 1024 786 1091 849; x_wconf 90' lang='lat' dir='ltr'>in</span> <span class='ocrx_word' id='word_1_33' title='bbox 1124 787 1469 853; x_wconf 89' lang='lat' dir='ltr'>Homerica</span> <span class='ocrx_word' id='word_1_34' title='bbox 1492 790 1641 854; x_wconf 89' lang='lat' dir='ltr'>crisi</span> <span class='ocrx_word' id='word_1_35' title='bbox 1682 812 1822 856; x_wconf 88' lang='lat' dir='ltr'>esse</span> <span class='ocrx_word' id='word_1_36' title='bbox 1841 789 2070 856; x_wconf 88' lang='lat' dir='ltr'>didici.</span> <span class='ocrx_word' id='word_1_37' title='bbox 2161 790 2418 857; x_wconf 84' lang='lat' dir='ltr'><strong>Scilicet</strong></span> 
     </span>
     <span class='ocr_line' id='line_1_6' title="bbox 308 882 2409 979; baseline 0.005 -29"><span class='ocrx_word' id='word_1_38' title='bbox 308 882 579 962; x_wconf 80' lang='grc' dir='ltr'><em>ἆσπιδὴς</em></span> <span class='ocrx_word' id='word_1_39' title='bbox 620 887 1007 972; x_wconf 81' lang='lat' dir='ltr'>adjectivum</span> <span class='ocrx_word' id='word_1_40' title='bbox 1050 888 1457 956; x_wconf 85' lang='lat' dir='ltr'>deduxerunt</span> <span class='ocrx_word' id='word_1_41' title='bbox 1495 890 1578 955; x_wconf 92' lang='lat' dir='ltr'>ab</span> <span class='ocrx_word' id='word_1_42' title='bbox 1607 890 1824 970; x_wconf 75' lang='grc' dir='ltr'><em>ἀσπὶς,</em></span> <span class='ocrx_word' id='word_1_43' title='bbox 1853 893 2143 979; x_wconf 82' lang='lat' dir='ltr'>adeoque</span> <span class='ocrx_word' id='word_1_44' title='bbox 2187 892 2409 961; x_wconf 79' lang='grc' dir='ltr'><em>πεδίον</em></span> 
     </span>
     <span class='ocr_line' id='line_1_7' title="bbox 309 984 2417 1079; baseline 0.004 -28"><span class='ocrx_word' id='word_1_45' title='bbox 309 984 580 1063; x_wconf 81' lang='grc' dir='ltr'><em>α’σπιδὲς</em></span> <span class='ocrx_word' id='word_1_46' title='bbox 607 999 1039 1073; x_wconf 82' lang='lat' dir='ltr'>exposuerunt</span> <span class='ocrx_word' id='word_1_47' title='bbox 1064 997 1409 1079; x_wconf 74' lang='grc' dir='ltr'><em>περιφερὲς,</em></span> <span class='ocrx_word' id='word_1_48' title='bbox 1434 990 1610 1069; x_wconf 85' lang='grc' dir='ltr'><em>δίκην</em></span> <span class='ocrx_word' id='word_1_49' title='bbox 1633 991 1907 1070; x_wconf 74' lang='grc' dir='ltr'><em>ἀσπίδος</em></span> <span class='ocrx_word' id='word_1_50' title='bbox 1936 995 2203 1061; x_wconf 86' lang='grc' dir='ltr'><em>πάντοσ’</em></span> <span class='ocrx_word' id='word_1_51' title='bbox 2221 994 2417 1073; x_wconf 73' lang='grc' dir='ltr'><em>ἐίσης,</em></span> 
     </span>
     <span class='ocr_line' id='line_1_8' title="bbox 304 1086 2419 1182; baseline 0.006 -29"><span class='ocrx_word' id='word_1_52' title='bbox 304 1086 575 1171; x_wconf 82' lang='grc' dir='ltr'><em>μηδενὸς</em></span> <span class='ocrx_word' id='word_1_53' title='bbox 634 1090 843 1157; x_wconf 78' lang='grc' dir='ltr'><em>ἄλλον</em></span> <span class='ocrx_word' id='word_1_54' title='bbox 902 1096 1223 1179; x_wconf 77' lang='grc' dir='ltr'><em>ὁρωμένου</em></span> <span class='ocrx_word' id='word_1_55' title='bbox 1282 1097 1604 1180; x_wconf 75' lang='grc' dir='ltr'><em>τέρματος,</em></span> <span class='ocrx_word' id='word_1_56' title='bbox 1663 1094 1838 1161; x_wconf 73' lang='grc' dir='ltr'>ἀλλὰ</span> <span class='ocrx_word' id='word_1_57' title='bbox 1907 1105 2019 1164; x_wconf 78' lang='grc' dir='ltr'><em>τοῦ</em></span> <span class='ocrx_word' id='word_1_58' title='bbox 2078 1098 2419 1182; x_wconf 72' lang='grc' dir='ltr'><em>ὁρίζοντος</em></span> 
     </span>
     <span class='ocr_line' id='line_1_9' title="bbox 307 1190 2418 1286; baseline 0.004 -31"><span class='ocrx_word' id='word_1_59' title='bbox 307 1190 515 1277; x_wconf 79' lang='grc' dir='ltr'><em>ἄερος.</em></span> <span class='ocrx_word' id='word_1_60' title='bbox 607 1191 805 1257; x_wconf 87' lang='lat' dir='ltr'>Mitto</span> <span class='ocrx_word' id='word_1_61' title='bbox 856 1193 1026 1257; x_wconf 86' lang='lat' dir='ltr'>enim-</span> <span class='ocrx_word' id='word_1_62' title='bbox 1074 1216 1335 1281; x_wconf 88' lang='lat' dir='ltr'>pravam</span> <span class='ocrx_word' id='word_1_63' title='bbox 1388 1196 1899 1281; x_wconf 84' lang='lat' dir='ltr'>explicationem,</span> <span class='ocrx_word' id='word_1_64' title='bbox 1952 1220 2083 1285; x_wconf 90' lang='lat' dir='ltr'>qua</span> <span class='ocrx_word' id='word_1_65' title='bbox 2139 1198 2418 1286; x_wconf 90' lang='lat' dir='ltr'>Etymol·</span> 
     </span>
     <span class='ocr_line' id='line_1_10' title="bbox 306 1293 2418 1383; baseline 0.005 -29"><span class='ocrx_word' id='word_1_66' title='bbox 306 1314 458 1355; x_wconf 88' lang='lat' dir='ltr'>mox</span> <span class='ocrx_word' id='word_1_67' title='bbox 490 1314 636 1357; x_wconf 87' lang='lat' dir='ltr'>cum</span> <span class='ocrx_word' id='word_1_68' title='bbox 669 1293 881 1360; x_wconf 87' lang='lat' dir='ltr'>Schol.</span> <span class='ocrx_word' id='word_1_69' title='bbox 913 1295 1065 1360; x_wconf 89' lang='lat' dir='ltr'>min.</span> <span class='ocrx_word' id='word_1_70' title='bbox 1107 1317 1408 1383; x_wconf 90' lang='lat' dir='ltr'>campum</span> <span class='ocrx_word' id='word_1_71' title='bbox 1449 1298 1674 1362; x_wconf 86' lang='lat' dir='ltr'>multis</span> <span class='ocrx_word' id='word_1_72' title='bbox 1717 1308 2108 1364; x_wconf 89' lang='lat' dir='ltr'>mortuorum</span> <span class='ocrx_word' id='word_1_73' title='bbox 2147 1301 2418 1365; x_wconf 87' lang='lat' dir='ltr'>heroum</span> 
     </span>
     <span class='ocr_line' id='line_1_11' title="bbox 309 1393 2418 1490; baseline 0.006 -33"><span class='ocrx_word' id='word_1_74' title='bbox 309 1393 501 1459; x_wconf 84' lang='lat' dir='ltr'>armis</span> <span class='ocrx_word' id='word_1_75' title='bbox 530 1396 857 1461; x_wconf 88' lang='lat' dir='ltr'>obtectum</span> <span class='ocrx_word' id='word_1_76' title='bbox 886 1396 1213 1483; x_wconf 85' lang='lat' dir='ltr'>intelligit.</span> <span class='ocrx_word' id='word_1_77' title='bbox 1307 1396 1539 1476; x_wconf 79' lang='grc' dir='ltr'><em>Σπιδὲς</em></span> <span class='ocrx_word' id='word_1_78' title='bbox 1568 1422 1737 1479; x_wconf 88' lang='lat' dir='ltr'>vero,</span> <span class='ocrx_word' id='word_1_79' title='bbox 1767 1401 1992 1465; x_wconf 88' lang='lat' dir='ltr'>eadem</span> <span class='ocrx_word' id='word_1_80' title='bbox 2026 1401 2086 1465; x_wconf 87' lang='lat' dir='ltr'>vi</span> <span class='ocrx_word' id='word_1_81' title='bbox 2114 1424 2229 1490; x_wconf 84' lang='lat' dir='ltr'>pro</span> <span class='ocrx_word' id='word_1_82' title='bbox 2260 1407 2418 1470; x_wconf 82' lang='grc' dir='ltr'><em>ἐκτε-</em></span> 
     </span>
     <span class='ocr_line' id='line_1_12' title="bbox 307 1496 2420 1590; baseline 0.005 -30"><span class='ocrx_word' id='word_1_83' title='bbox 307 1501 596 1581; x_wconf 77' lang='grc' dir='ltr'><em>ταμένον,</em></span> <span class='ocrx_word' id='word_1_84' title='bbox 626 1496 852 1577; x_wconf 81' lang='grc' dir='ltr'><em>πλατὺ,</em></span> <span class='ocrx_word' id='word_1_85' title='bbox 882 1501 1125 1586; x_wconf 81' lang='grc' dir='ltr'><em>μακρὸν</em></span> <span class='ocrx_word' id='word_1_86' title='bbox 1168 1508 1525 1586; x_wconf 86' lang='lat' dir='ltr'>acceptum,</span> <span class='ocrx_word' id='word_1_87' title='bbox 1575 1502 1857 1588; x_wconf 84' lang='lat' dir='ltr'>plurium</span> <span class='ocrx_word' id='word_1_88' title='bbox 1899 1514 2234 1590; x_wconf 90' lang='lat' dir='ltr'>poetarum</span> <span class='ocrx_word' id='word_1_89' title='bbox 2267 1526 2420 1570; x_wconf 86' lang='lat' dir='ltr'>auc-</span> 
     </span>
     <span class='ocr_line' id='line_1_13' title="bbox 308 1599 2418 1693; baseline 0.005 -30"><span class='ocrx_word' id='word_1_90' title='bbox 308 1599 625 1663; x_wconf 81' lang='lat' dir='ltr'>toritatem</span> <span class='ocrx_word' id='word_1_91' title='bbox 656 1599 959 1665; x_wconf 84' lang='lat' dir='ltr'>habuisse</span> <span class='ocrx_word' id='word_1_92' title='bbox 1007 1599 1314 1685; x_wconf 89' lang='lat' dir='ltr'>conjicias</span> <span class='ocrx_word' id='word_1_93' title='bbox 1343 1622 1423 1666; x_wconf 83' lang='lat' dir='ltr'>ex</span> <span class='ocrx_word' id='word_1_94' title='bbox 1458 1601 1888 1691; x_wconf 85' lang='lat' dir='ltr'>Etymologo:</span> <span class='ocrx_word' id='word_1_95' title='bbox 1940 1609 2062 1672; x_wconf 82' lang='grc' dir='ltr'>Καὶ</span> <span class='ocrx_word' id='word_1_96' title='bbox 2101 1608 2229 1693; x_wconf 84' lang='grc' dir='ltr'><em>γὰρ</em></span> <span class='ocrx_word' id='word_1_97' title='bbox 2263 1612 2418 1674; x_wconf 81' lang='grc' dir='ltr'><em>Αἶσ-</em></span> 
     </span>
     <span class='ocr_line' id='line_1_14' title="bbox 312 1700 2415 1790; baseline 0.004 -23"><span class='ocrx_word' id='word_1_98' title='bbox 312 1700 523 1790; x_wconf 81' lang='grc' dir='ltr'><em>χῦλος</em></span> <span class='ocrx_word' id='word_1_99' title='bbox 548 1700 865 1778; x_wconf 79' lang='grc' dir='ltr'>πολλάκις</span> <span class='ocrx_word' id='word_1_100' title='bbox 907 1702 1112 1778; x_wconf 76' lang='grc' dir='ltr'><em>οὕτως</em></span> <span class='ocrx_word' id='word_1_101' title='bbox 1141 1703 1307 1790; x_wconf 74' lang='grc' dir='ltr'><em>ἔχειν</em></span> <span class='ocrx_word' id='word_1_102' title='bbox 1337 1706 1454 1781; x_wconf 81' lang='grc' dir='ltr'><em>τὴν</em></span> <span class='ocrx_word' id='word_1_103' title='bbox 1484 1702 1660 1779; x_wconf 73' lang='grc' dir='ltr'><em>λέξιν</em></span> <span class='ocrx_word' id='word_1_104' title='bbox 1688 1704 1915 1772; x_wconf 79' lang='grc' dir='ltr'><em>τίθεται</em></span> <span class='ocrx_word' id='word_1_105' title='bbox 1946 1708 2111 1788; x_wconf 74' lang='grc' dir='ltr'><em>οἷον,</em></span> <span class='ocrx_word' id='word_1_106' title='bbox 2148 1706 2415 1775; x_wconf 85' lang='grc' dir='ltr'><em>Σπίδιον</em></span> 
     </span>
     <span class='ocr_line' id='line_1_15' title="bbox 306 1801 2413 1894; baseline 0.002 -25"><span class='ocrx_word' id='word_1_107' title='bbox 306 1814 503 1888; x_wconf 84' lang='grc' dir='ltr'><em>μῆκος</em></span> <span class='ocrx_word' id='word_1_108' title='bbox 556 1801 732 1871; x_wconf 78' lang='grc' dir='ltr'><em>ὁδοῦ.</em></span> <span class='ocrx_word' id='word_1_109' title='bbox 821 1804 1025 1868; x_wconf 86' lang='lat' dir='ltr'>Addit</span> <span class='ocrx_word' id='word_1_110' title='bbox 1072 1803 1375 1871; x_wconf 85' lang='lat' dir='ltr'>Eustath.</span> <span class='ocrx_word' id='word_1_111' title='bbox 1417 1805 1498 1869; x_wconf 89' lang='lat' dir='ltr'>ad</span> <span class='ocrx_word' id='word_1_112' title='bbox 1551 1806 1628 1870; x_wconf 93' lang='lat' dir='ltr'>Il.</span> <span class='ocrx_word' id='word_1_113' title='bbox 1669 1807 1788 1871; x_wconf 90' lang='lat' dir='ltr'>loc.</span> <span class='ocrx_word' id='word_1_114' title='bbox 1832 1830 1895 1894; x_wconf 88' lang='lat' dir='ltr'>p.</span> <span class='ocrx_word' id='word_1_115' title='bbox 1938 1808 2085 1872; x_wconf 84' lang='lat'>882.</span> <span class='ocrx_word' id='word_1_116' title='bbox 2119 1810 2159 1873; x_wconf 92' lang='lat' dir='ltr'>l.</span> <span class='ocrx_word' id='word_1_117' title='bbox 2192 1810 2299 1874; x_wconf 86' lang='lat'>58.</span> <span class='ocrx_word' id='word_1_118' title='bbox 2331 1832 2413 1874; x_wconf 85' lang='lat' dir='ltr'>ex</span> 
     </span>
     <span class='ocr_line' id='line_1_16' title="bbox 310 1903 2412 1994; baseline 0.002 -25"><span class='ocrx_word' id='word_1_119' title='bbox 310 1906 532 1970; x_wconf 88' lang='lat' dir='ltr'>eodem</span> <span class='ocrx_word' id='word_1_120' title='bbox 584 1914 775 1991; x_wconf 87' lang='lat' dir='ltr'>poeta</span> <span class='ocrx_word' id='word_1_121' title='bbox 826 1903 1077 1973; x_wconf 83' lang='grc' dir='ltr'><em>σπίδιον</em></span> <span class='ocrx_word' id='word_1_122' title='bbox 1129 1904 1367 1973; x_wconf 78' lang='grc' dir='ltr'><em>πεδίον.</em></span> <span class='ocrx_word' id='word_1_123' title='bbox 1459 1907 1676 1994; x_wconf 88' lang='lat' dir='ltr'>Atque</span> <span class='ocrx_word' id='word_1_124' title='bbox 1727 1908 1896 1973; x_wconf 89' lang='lat' dir='ltr'>hanc</span> <span class='ocrx_word' id='word_1_125' title='bbox 1947 1909 2303 1990; x_wconf 89' lang='lat' dir='ltr'>lectionem,</span> <span class='ocrx_word' id='word_1_126' title='bbox 2358 1912 2412 1974; x_wconf 91' lang='lat' dir='ltr'>si</span> 
     </span>
     <span class='ocr_line' id='line_1_17' title="bbox 311 2005 2416 2092; baseline 0.003 -23"><span class='ocrx_word' id='word_1_127' title='bbox 311 2005 768 2092; x_wconf 85' lang='lat' dir='ltr'>Etymologum</span> <span class='ocrx_word' id='word_1_128' title='bbox 797 2005 958 2071; x_wconf 90' lang='lat' dir='ltr'>bene</span> <span class='ocrx_word' id='word_1_129' title='bbox 987 2006 1299 2092; x_wconf 81' lang='lat' dir='ltr'>intellige,</span> <span class='ocrx_word' id='word_1_130' title='bbox 1329 2006 1700 2073; x_wconf 88' lang='lat' dir='ltr'>Zenodotus</span> <span class='ocrx_word' id='word_1_131' title='bbox 1730 2019 1796 2073; x_wconf 91' lang='lat' dir='ltr'>et</span> <span class='ocrx_word' id='word_1_132' title='bbox 1826 2007 2057 2074; x_wconf 85' lang='lat' dir='ltr'>Crates</span> <span class='ocrx_word' id='word_1_133' title='bbox 2089 2010 2416 2092; x_wconf 89' lang='lat' dir='ltr'>Mallotes,</span> 
     </span>
     <span class='ocr_line' id='line_1_18' title="bbox 312 2105 2420 2196; baseline 0.003 -27"><span class='ocrx_word' id='word_1_134' title='bbox 312 2105 753 2186; x_wconf 83' lang='lat' dir='ltr'>Grammatici,</span> <span class='ocrx_word' id='word_1_135' title='bbox 799 2108 1154 2193; x_wconf 80' lang='lat' dir='ltr'>praetulere,</span> <span class='ocrx_word' id='word_1_136' title='bbox 1203 2107 1558 2196; x_wconf 88' lang='lat' dir='ltr'>horumque</span> <span class='ocrx_word' id='word_1_137' title='bbox 1609 2110 1943 2174; x_wconf 85' lang='lat' dir='ltr'>sententiae</span> <span class='ocrx_word' id='word_1_138' title='bbox 1997 2109 2297 2175; x_wconf 85' lang='lat' dir='ltr'>accedere</span> <span class='ocrx_word' id='word_1_139' title='bbox 2351 2134 2420 2176; x_wconf 88' lang='lat' dir='ltr'>se</span> 
     </span>
     <span class='ocr_line' id='line_1_19' title="bbox 310 2208 2419 2300; baseline 0.004 -29"><span class='ocrx_word' id='word_1_140' title='bbox 310 2208 498 2274; x_wconf 84' lang='lat' dir='ltr'>malle</span> <span class='ocrx_word' id='word_1_141' title='bbox 543 2209 882 2295; x_wconf 86' lang='lat' dir='ltr'>profitetur</span> <span class='ocrx_word' id='word_1_142' title='bbox 928 2208 1241 2297; x_wconf 90' lang='lat' dir='ltr'>Etymol.,</span> <span class='ocrx_word' id='word_1_143' title='bbox 1290 2212 1445 2298; x_wconf 93' lang='lat' dir='ltr'>quia</span> <span class='ocrx_word' id='word_1_144' title='bbox 1496 2210 1758 2290; x_wconf 85' lang='grc' dir='ltr'><em>πολλὴν</em></span> <span class='ocrx_word' id='word_1_145' title='bbox 1803 2215 1920 2289; x_wconf 80' lang='grc' dir='ltr'><em>τὴν</em></span> <span class='ocrx_word' id='word_1_146' title='bbox 1968 2222 2196 2298; x_wconf 80' lang='grc' dir='ltr'><em>χρῆσιν</em></span> <span class='ocrx_word' id='word_1_147' title='bbox 2246 2211 2419 2300; x_wconf 76' lang='grc' dir='ltr'>παρᾶ</span> 
     </span>
     <span class='ocr_line' id='line_1_20' title="bbox 311 2310 2420 2398; baseline 0.002 -22"><span class='ocrx_word' id='word_1_148' title='bbox 311 2321 449 2387; x_wconf 81' lang='grc' dir='ltr'><em>τοῖς</em></span> <span class='ocrx_word' id='word_1_149' title='bbox 494 2310 791 2398; x_wconf 79' lang='grc' dir='ltr'><em>ἀρχαίοις</em></span> <span class='ocrx_word' id='word_1_150' title='bbox 840 2312 1157 2398; x_wconf 85' lang='lat' dir='ltr'>repererit.</span> <span class='ocrx_word' id='word_1_151' title='bbox 1250 2310 1327 2375; x_wconf 91' lang='lat' dir='ltr'>In</span> <span class='ocrx_word' id='word_1_152' title='bbox 1374 2312 1478 2377; x_wconf 91' lang='lat' dir='ltr'>his</span> <span class='ocrx_word' id='word_1_153' title='bbox 1529 2313 1905 2379; x_wconf 83' lang='lat' dir='ltr'>adverbium</span> <span class='ocrx_word' id='word_1_154' title='bbox 1952 2323 2054 2378; x_wconf 87' lang='lat' dir='ltr'>est</span> <span class='ocrx_word' id='word_1_155' title='bbox 2099 2312 2420 2394; x_wconf 80' lang='grc' dir='ltr'><em>σπιδόθεν,</em></span> 
     </span>
     <span class='ocr_line' id='line_1_21' title="bbox 308 2402 2420 2502; baseline 0.001 -27"><span class='ocrx_word' id='word_1_156' title='bbox 308 2402 482 2498; x_wconf 88' lang='lat' dir='ltr'>quod</span> <span class='ocrx_word' id='word_1_157' title='bbox 514 2434 627 2499; x_wconf 88' lang='lat' dir='ltr'>pro</span> <span class='ocrx_word' id='word_1_158' title='bbox 654 2406 967 2500; x_wconf 79' lang='grc' dir='ltr'><em>μακρόθεν</em></span> <span class='ocrx_word' id='word_1_159' title='bbox 994 2413 1059 2475; x_wconf 90' lang='lat' dir='ltr'>in</span> <span class='ocrx_word' id='word_1_160' title='bbox 1095 2413 1301 2478; x_wconf 85' lang='lat' dir='ltr'>verbis</span> <span class='ocrx_word' id='word_1_161' title='bbox 1332 2437 1523 2501; x_wconf 83' lang='lat' dir='ltr'>supra</span> <span class='ocrx_word' id='word_1_162' title='bbox 1568 2415 1792 2502; x_wconf 89' lang='lat' dir='ltr'>positis</span> <span class='ocrx_word' id='word_1_163' title='bbox 1831 2413 2202 2478; x_wconf 87' lang='lat' dir='ltr'>adhibuisse</span> <span class='ocrx_word' id='word_1_164' title='bbox 2229 2414 2420 2477; x_wconf 89' lang='lat' dir='ltr'>Anti-</span> 
     </span>
     <span class='ocr_line' id='line_1_22' title="bbox 312 2513 2422 2594; baseline 0.002 -17"><span class='ocrx_word' id='word_1_165' title='bbox 312 2514 610 2579; x_wconf 88' lang='lat' dir='ltr'>machum</span> <span class='ocrx_word' id='word_1_166' title='bbox 640 2515 849 2579; x_wconf 89' lang='lat' dir='ltr'>docet.</span> <span class='ocrx_word' id='word_1_167' title='bbox 943 2514 1103 2580; x_wconf 88' lang='lat' dir='ltr'>Post</span> <span class='ocrx_word' id='word_1_168' title='bbox 1146 2515 1256 2579; x_wconf 87' lang='lat' dir='ltr'>illa</span> <span class='ocrx_word' id='word_1_169' title='bbox 1294 2517 1509 2581; x_wconf 84' lang='lat' dir='ltr'>omnia</span> <span class='ocrx_word' id='word_1_170' title='bbox 1544 2528 1756 2581; x_wconf 87' lang='lat' dir='ltr'>tamen</span> <span class='ocrx_word' id='word_1_171' title='bbox 1791 2513 2064 2594; x_wconf 82' lang='grc' dir='ltr'><em>ἆσπιδὴς</em></span> <span class='ocrx_word' id='word_1_172' title='bbox 2094 2524 2160 2579; x_wconf 91' lang='lat' dir='ltr'>et</span> <span class='ocrx_word' id='word_1_173' title='bbox 2191 2513 2422 2593; x_wconf 80' lang='grc' dir='ltr'><em>σπιὸὴς</em></span> 
     </span>
     <span class='ocr_line' id='line_1_23' title="bbox 311 2615 2422 2705; baseline 0.001 -27"><span class='ocrx_word' id='word_1_174' title='bbox 311 2615 471 2679; x_wconf 86' lang='lat' dir='ltr'>forte</span> <span class='ocrx_word' id='word_1_175' title='bbox 516 2616 655 2679; x_wconf 89' lang='lat' dir='ltr'>sola</span> <span class='ocrx_word' id='word_1_176' title='bbox 700 2616 1245 2702; x_wconf 88' lang='lat' dir='ltr'>pronunciatione,</span> <span class='ocrx_word' id='word_1_177' title='bbox 1276 2640 1483 2705; x_wconf 88' lang='lat' dir='ltr'>neque</span> <span class='ocrx_word' id='word_1_178' title='bbox 1532 2640 1679 2682; x_wconf 88' lang='lat' dir='ltr'>vero</span> <span class='ocrx_word' id='word_1_179' title='bbox 1725 2616 1967 2703; x_wconf 84' lang='lat' dir='ltr'>origine</span> <span class='ocrx_word' id='word_1_180' title='bbox 2014 2638 2132 2680; x_wconf 88' lang='lat' dir='ltr'>sua</span> <span class='ocrx_word' id='word_1_181' title='bbox 2169 2615 2422 2680; x_wconf 81' lang='lat' dir='ltr'>diversa</span> 
     </span>
     <span class='ocr_line' id='line_1_24' title="bbox 311 2716 2421 2807; baseline -0 -24"><span class='ocrx_word' id='word_1_182' title='bbox 311 2717 548 2805; x_wconf 87' lang='lat' dir='ltr'>aliquis</span> <span class='ocrx_word' id='word_1_183' title='bbox 566 2716 800 2782; x_wconf 85' lang='lat' dir='ltr'>dixerit</span> <span class='ocrx_word' id='word_1_184' title='bbox 823 2742 839 2782; x_wconf 75' lang='lat' dir='ltr'><strong><em>z</em></strong></span> <span class='ocrx_word' id='word_1_185' title='bbox 887 2740 1283 2807; x_wconf 86' lang='lat' dir='ltr'>quamquam</span> <span class='ocrx_word' id='word_1_186' title='bbox 1302 2718 1606 2783; x_wconf 86' lang='lat' dir='ltr'>Eustath.</span> <span class='ocrx_word' id='word_1_187' title='bbox 1627 2720 1668 2782; x_wconf 87' lang='lat' dir='ltr'>l.</span> <span class='ocrx_word' id='word_1_188' title='bbox 1690 2742 1748 2784; x_wconf 89' lang='lat' dir='ltr'>c.</span> <span class='ocrx_word' id='word_1_189' title='bbox 1769 2718 2039 2783; x_wconf 78' lang='lat' dir='ltr'>alterum</span> <span class='ocrx_word' id='word_1_190' title='bbox 2060 2716 2142 2782; x_wconf 89' lang='lat' dir='ltr'>ad</span> <span class='ocrx_word' id='word_1_191' title='bbox 2162 2726 2421 2802; x_wconf 90' lang='lat' dir='ltr'>etymon</span> 
     </span>
     <span class='ocr_line' id='line_1_25' title="bbox 316 2812 2417 2908; baseline -0.002 -21"><span class='ocrx_word' id='word_1_192' title='bbox 316 2812 542 2899; x_wconf 76' lang='grc' dir='ltr'><em>σπίζω,</em></span> <span class='ocrx_word' id='word_1_193' title='bbox 601 2819 775 2908; x_wconf 91' lang='lat' dir='ltr'>quod</span> <span class='ocrx_word' id='word_1_194' title='bbox 835 2820 1115 2907; x_wconf 82' lang='lat' dir='ltr'>explicat</span> <span class='ocrx_word' id='word_1_195' title='bbox 1174 2824 1443 2900; x_wconf 82' lang='grc' dir='ltr'><em>ἐκτείνω,</em></span> <span class='ocrx_word' id='word_1_196' title='bbox 1505 2820 1758 2885; x_wconf 82' lang='lat' dir='ltr'>referat.</span> <span class='ocrx_word' id='word_1_197' title='bbox 1849 2819 1952 2883; x_wconf 82' lang='lat' dir='ltr'>cf.</span> <span class='ocrx_word' id='word_1_198' title='bbox 2011 2818 2296 2907; x_wconf 85' lang='lat' dir='ltr'>Hesych.</span> <span class='ocrx_word' id='word_1_199' title='bbox 2359 2842 2417 2883; x_wconf 85' lang='lat' dir='ltr'>v.</span> 
     </span>
     <span class='ocr_line' id='line_1_26' title="bbox 314 2919 2418 3010; baseline -0.003 -20"><span class='ocrx_word' id='word_1_200' title='bbox 314 2920 572 2999; x_wconf 81' lang='grc' dir='ltr'><em>σπίδεος</em></span> <span class='ocrx_word' id='word_1_201' title='bbox 594 2930 659 2985; x_wconf 91' lang='lat' dir='ltr'>et</span> <span class='ocrx_word' id='word_1_202' title='bbox 672 2921 762 2986; x_wconf 87' lang='lat' dir='ltr'>1b1</span> <span class='ocrx_word' id='word_1_203' title='bbox 784 2921 996 3010; x_wconf 88' lang='lat' dir='ltr'>Intpp.</span> <span class='ocrx_word' id='word_1_204' title='bbox 1010 2932 1077 2987; x_wconf 90' lang='lat' dir='ltr'>et</span> <span class='ocrx_word' id='word_1_205' title='bbox 1097 2921 1281 2986; x_wconf 85' lang='lat' dir='ltr'>Suid.</span> <span class='ocrx_word' id='word_1_206' title='bbox 1311 2946 1373 2986; x_wconf 85' lang='lat' dir='ltr'>v.</span> <span class='ocrx_word' id='word_1_207' title='bbox 1396 2920 1475 2989; x_wconf 75' lang='grc' dir='ltr'>δι’</span> <span class='ocrx_word' id='word_1_208' title='bbox 1495 2921 1813 2998; x_wconf 80' lang='grc' dir='ltr'><em>ἆσπιὸἐος.</em></span> <span class='ocrx_word' id='word_1_209' title='bbox 1816 2919 2104 2985; x_wconf 85' lang='lat' dir='ltr'>—SCH.</span> <span class='ocrx_word' id='word_1_210' title='bbox 2110 2920 2418 3008; x_wconf 84' lang='lat' dir='ltr'>—Etym.</span> 
     </span>
     <span class='ocr_line' id='line_1_27' title="bbox 316 3021 2417 3112; baseline 0 -23"><span class='ocrx_word' id='word_1_211' title='bbox 316 3026 415 3090; x_wconf 89' lang='lat' dir='ltr'>M.</span> <span class='ocrx_word' id='word_1_212' title='bbox 448 3048 511 3112; x_wconf 89' lang='lat' dir='ltr'>p.</span> <span class='ocrx_word' id='word_1_213' title='bbox 541 3024 693 3105; x_wconf 81' lang='lat'>271,</span> <span class='ocrx_word' id='word_1_214' title='bbox 731 3024 831 3104; x_wconf 90' lang='lat'>17,</span> <span class='ocrx_word' id='word_1_215' title='bbox 862 3024 945 3087; x_wconf 84' lang='lat' dir='ltr'>ad</span> <span class='ocrx_word' id='word_1_216' title='bbox 976 3024 1384 3089; x_wconf 86' lang='lat' dir='ltr'>Homericum</span> <span class='ocrx_word' id='word_1_217' title='bbox 1418 3022 1518 3091; x_wconf 80' lang='grc' dir='ltr'>διὰ</span> <span class='ocrx_word' id='word_1_218' title='bbox 1551 3021 1806 3100; x_wconf 75' lang='grc' dir='ltr'><em>σπιδέος</em></span> <span class='ocrx_word' id='word_1_219' title='bbox 1835 3021 2096 3091; x_wconf 85' lang='grc' dir='ltr'><em>πεδίοιο.</em></span> <span class='ocrx_word' id='word_1_220' title='bbox 2163 3026 2417 3111; x_wconf 78' lang='grc' dir='ltr'><em>Κράτης</em></span> 
     </span>
     <span class='ocr_line' id='line_1_28' title="bbox 310 3124 2426 3215; baseline -0.001 -19"><span class='ocrx_word' id='word_1_221' title='bbox 310 3128 477 3215; x_wconf 78' lang='grc' dir='ltr'><em>λέγει</em></span> <span class='ocrx_word' id='word_1_222' title='bbox 508 3131 603 3194; x_wconf 83' lang='grc' dir='ltr'><em>ὅτι</em></span> <span class='ocrx_word' id='word_1_223' title='bbox 631 3131 796 3203; x_wconf 72' lang='grc' dir='ltr'><em>τινὲς</em></span> <span class='ocrx_word' id='word_1_224' title='bbox 823 3132 937 3212; x_wconf 74' lang='grc' dir='ltr'>μὲν</span> <span class='ocrx_word' id='word_1_225' title='bbox 969 3126 1096 3194; x_wconf 81' lang='grc' dir='ltr'>άπὸ</span> <span class='ocrx_word' id='word_1_226' title='bbox 1127 3132 1240 3193; x_wconf 82' lang='grc' dir='ltr'><em>τοῦ</em></span> <span class='ocrx_word' id='word_1_227' title='bbox 1272 3134 1310 3191; x_wconf 84' lang='grc' dir='ltr'><strong>ἆ</strong></span> <span class='ocrx_word' id='word_1_228' title='bbox 1341 3132 1667 3193; x_wconf 83' lang='grc' dir='ltr'><em>ποιοῦνται</em></span> <span class='ocrx_word' id='word_1_229' title='bbox 1708 3129 1822 3203; x_wconf 88' lang='grc' dir='ltr'><em>τὴν</em></span> <span class='ocrx_word' id='word_1_230' title='bbox 1855 3124 2275 3205; x_wconf 75' lang='grc' dir='ltr'><em>διαστολὴν,“</em></span> <span class='ocrx_word' id='word_1_231' title='bbox 2253 3129 2337 3193; x_wconf 89' lang='grc' dir='ltr'>ιν’</span> <span class='ocrx_word' id='word_1_232' title='bbox 2363 3126 2426 3215; x_wconf 93' lang='lat'>5,</span> 
     </span>
     <span class='ocr_line' id='line_1_29' title="bbox 315 3224 2422 3314; baseline -0.002 -18"><span class='ocrx_word' id='word_1_233' title='bbox 315 3228 393 3297; x_wconf 86' lang='grc' dir='ltr'>δι’</span> <span class='ocrx_word' id='word_1_234' title='bbox 430 3226 731 3304; x_wconf 75' lang='grc' dir='ltr'><em>ἅσπίδεος</em></span> <span class='ocrx_word' id='word_1_235' title='bbox 770 3225 986 3294; x_wconf 79' lang='grc' dir='ltr'><em>πεδίου</em></span> <span class='ocrx_word' id='word_1_236' title='bbox 1020 3274 1192 3293; x_wconf 88' lang='grc'><strong>......</strong></span> <span class='ocrx_word' id='word_1_237' title='bbox 1272 3232 1351 3294; x_wconf 82' lang='grc' dir='ltr'>Οἱ</span> <span class='ocrx_word' id='word_1_238' title='bbox 1392 3225 1455 3293; x_wconf 79' lang='grc' dir='ltr'>δὲ</span> <span class='ocrx_word' id='word_1_239' title='bbox 1502 3233 1655 3314; x_wconf 83' lang='grc' dir='ltr'><em>φασὶ</em></span> <span class='ocrx_word' id='word_1_240' title='bbox 1709 3224 1984 3304; x_wconf 79' lang='grc' dir='ltr'><em>σπιδέος,</em></span> <span class='ocrx_word' id='word_1_241' title='bbox 2025 3224 2281 3292; x_wconf 80' lang='grc' dir='ltr'><em>πολλοῦ</em></span> <span class='ocrx_word' id='word_1_242' title='bbox 2323 3231 2422 3292; x_wconf 83' lang='grc' dir='ltr'>καὶ</span> 
     </span>
     <span class='ocr_line' id='line_1_30' title="bbox 311 3326 2422 3419; baseline -0.004 -21"><span class='ocrx_word' id='word_1_243' title='bbox 311 3337 549 3419; x_wconf 79' lang='grc' dir='ltr'><em>μακροῦ</em></span> <span class='ocrx_word' id='word_1_244' title='bbox 764 3336 863 3396; x_wconf 83' lang='grc' dir='ltr'>καὶ</span> <span class='ocrx_word' id='word_1_245' title='bbox 913 3330 1325 3417; x_wconf 76' lang='grc' dir='ltr'><em>Ἀντίμαχος,</em></span> <span class='ocrx_word' id='word_1_246' title='bbox 1384 3335 1426 3367; x_wconf 88' lang='grc'><strong>“</strong></span> <span class='ocrx_word' id='word_1_247' title='bbox 1451 3328 1595 3396; x_wconf 78' lang='grc' dir='ltr'><em>οὐδὲ</em></span> <span class='ocrx_word' id='word_1_248' title='bbox 1651 3326 1950 3395; x_wconf 84' lang='grc' dir='ltr'><em>σπιδόθεν</em></span> <span class='ocrx_word' id='word_1_249' title='bbox 2004 3327 2422 3414; x_wconf 86' lang='grc' dir='ltr'><em>προνοῆσαι.”</em></span> 
     </span>
    </p>

    <p class='ocr_par' dir='ltr' id='par_1_3' title="bbox 314 3425 2424 3623">
     <span class='ocr_line' id='line_1_31' title="bbox 316 3425 2424 3519; baseline -0.002 -19"><span class='ocrx_word' id='word_1_250' title='bbox 316 3434 457 3500; x_wconf 73' lang='grc' dir='ltr'><em>ἀντὶ</em></span> <span class='ocrx_word' id='word_1_251' title='bbox 502 3438 613 3498; x_wconf 82' lang='grc' dir='ltr'><em>τοῦ</em></span> <span class='ocrx_word' id='word_1_252' title='bbox 657 3430 970 3519; x_wconf 82' lang='grc' dir='ltr'><em>μακρόθεν</em></span> <span class='ocrx_word' id='word_1_253' title='bbox 1014 3438 1112 3499; x_wconf 83' lang='grc' dir='ltr'>καὶ</span> <span class='ocrx_word' id='word_1_254' title='bbox 1163 3439 1354 3497; x_wconf 80' lang='grc' dir='ltr'><em>ταῦτα</em></span> <span class='ocrx_word' id='word_1_255' title='bbox 1398 3437 1511 3516; x_wconf 75' lang='grc' dir='ltr'>μὲν</span> <span class='ocrx_word' id='word_1_256' title='bbox 1556 3431 2007 3517; x_wconf 86' lang='grc' dir='ltr'><em>Ἀρίσταρχος·</em></span> <span class='ocrx_word' id='word_1_257' title='bbox 2059 3431 2312 3515; x_wconf 88' lang='grc' dir='ltr'><em>Κράτης</em></span> <span class='ocrx_word' id='word_1_258' title='bbox 2360 3425 2424 3495; x_wconf 78' lang='grc' dir='ltr'>δὲ</span> 
     </span>
     <span class='ocr_line' id='line_1_32' title="bbox 314 3528 2421 3623; baseline -0.004 -20"><span class='ocrx_word' id='word_1_259' title='bbox 314 3540 635 3623; x_wconf 87' lang='grc' dir='ltr'><em>προκρίνει</em></span> <span class='ocrx_word' id='word_1_260' title='bbox 676 3538 791 3611; x_wconf 87' lang='grc' dir='ltr'><em>τὴν</em></span> <span class='ocrx_word' id='word_1_261' title='bbox 833 3532 984 3621; x_wconf 88' lang='grc' dir='ltr'><em>δίχα</em></span> <span class='ocrx_word' id='word_1_262' title='bbox 1016 3540 1128 3598; x_wconf 85' lang='grc' dir='ltr'><em>τοῦ</em></span> <span class='ocrx_word' id='word_1_263' title='bbox 1168 3563 1208 3598; x_wconf 91' lang='grc' dir='ltr'>α</span> <span class='ocrx_word' id='word_1_264' title='bbox 1246 3536 1524 3620; x_wconf 87' lang='grc' dir='ltr'><em>γραφὴν,</em></span> <span class='ocrx_word' id='word_1_265' title='bbox 1557 3537 1657 3597; x_wconf 80' lang='grc' dir='ltr'>καὶ</span> <span class='ocrx_word' id='word_1_266' title='bbox 1705 3528 2083 3607; x_wconf 75' lang='grc' dir='ltr'><em>Ζηνόδοτος,</em></span> <span class='ocrx_word' id='word_1_267' title='bbox 2115 3535 2212 3595; x_wconf 82' lang='grc' dir='ltr'>καὶ</span> <span class='ocrx_word' id='word_1_268' title='bbox 2246 3535 2421 3615; x_wconf 77' lang='grc' dir='ltr'><em>φησὶ,</em></span> 
     </span>
    </p>
   </div>
   <div class='ocr_carea' id='block_1_3' title="bbox 321 3629 2543 3720">
    <p class='ocr_par' dir='ltr' id='par_1_4' title="bbox 321 3629 2543 3720">
     <span class='ocr_line' id='line_1_33' title="bbox 321 3629 2543 3720; baseline -0.004 -16"><span class='ocrx_word' id='word_1_269' title='bbox 321 3634 598 3713; x_wconf 76' lang='grc' dir='ltr'><em>σπιδέος,</em></span> <span class='ocrx_word' id='word_1_270' title='bbox 626 3638 942 3701; x_wconf 76' lang='grc' dir='ltr'><em>τουτέστιν</em></span> <span class='ocrx_word' id='word_1_271' title='bbox 982 3634 1272 3720; x_wconf 75' lang='grc' dir='ltr'><em>ἀσπόρου</em></span> <span class='ocrx_word' id='word_1_272' title='bbox 1313 3640 1409 3699; x_wconf 78' lang='grc' dir='ltr'>καὶ</span> <span class='ocrx_word' id='word_1_273' title='bbox 1450 3635 1721 3720; x_wconf 79' lang='grc' dir='ltr'><em>τραχέος</em></span> <span class='ocrx_word' id='word_1_274' title='bbox 1762 3637 1861 3698; x_wconf 84' lang='grc' dir='ltr'>καὶ</span> <span class='ocrx_word' id='word_1_275' title='bbox 1898 3629 2205 3717; x_wconf 80' lang='grc' dir='ltr'>μεγάλου.</span> <span class='ocrx_word' id='word_1_276' title='bbox 2249 3631 2425 3717; x_wconf 79' lang='grc' dir='ltr'>κάγὼ</span> <span class='ocrx_word' id='word_1_277' title='bbox 2537 3658 2543 3665; x_wconf 82' lang='lat'><strong>·</strong></span> 
     </span>
    </p>
   </div>
   <div class='ocr_carea' id='block_1_4' title="bbox 319 3731 2432 4303">
    <p class='ocr_par' dir='ltr' id='par_1_5' title="bbox 322 3731 2429 3824">
     <span class='ocr_line' id='line_1_34' title="bbox 322 3731 2429 3824; baseline -0.003 -19"><span class='ocrx_word' id='word_1_278' title='bbox 322 3735 836 3824; x_wconf 78' lang='grc' dir='ltr'><em>συγκατατίθεμαι</em></span> <span class='ocrx_word' id='word_1_279' title='bbox 875 3744 1011 3811; x_wconf 82' lang='grc' dir='ltr'><em>τοῖς</em></span> <span class='ocrx_word' id='word_1_280' title='bbox 1052 3733 1379 3822; x_wconf 74' lang='grc' dir='ltr'><em>ἀνδράσιν·</em></span> <span class='ocrx_word' id='word_1_281' title='bbox 1432 3738 1563 3821; x_wconf 79' lang='grc' dir='ltr'><em>ὁρῶ</em></span> <span class='ocrx_word' id='word_1_282' title='bbox 1604 3734 1732 3819; x_wconf 79' lang='grc' dir='ltr'><em>γὰρ</em></span> <span class='ocrx_word' id='word_1_283' title='bbox 1766 3731 2025 3809; x_wconf 82' lang='grc' dir='ltr'><em>πολλὴν</em></span> <span class='ocrx_word' id='word_1_284' title='bbox 2054 3734 2170 3808; x_wconf 85' lang='grc' dir='ltr'><em>τὴν</em></span> <span class='ocrx_word' id='word_1_285' title='bbox 2198 3740 2429 3818; x_wconf 87' lang='grc' dir='ltr'><em>χρῆσιν</em></span> 
     </span>
    </p>

    <p class='ocr_par' dir='ltr' id='par_1_6' title="bbox 320 3833 2430 3927">
     <span class='ocr_line' id='line_1_35' title="bbox 320 3833 2430 3927; baseline -0.004 -21"><span class='ocrx_word' id='word_1_286' title='bbox 320 3841 488 3927; x_wconf 80' lang='grc' dir='ltr'><em>παρὰ</em></span> <span class='ocrx_word' id='word_1_287' title='bbox 520 3835 1055 3925; x_wconf 59' lang='grc' dir='ltr'><em>ἄρχαίοις-Ωιιί</em></span> <span class='ocrx_word' id='word_1_288' title='bbox 1083 3836 1263 3900; x_wconf 90' lang='lat' dir='ltr'>locus</span> <span class='ocrx_word' id='word_1_289' title='bbox 1293 3835 1630 3921; x_wconf 82' lang='lat' dir='ltr'>insigniter</span> <span class='ocrx_word' id='word_1_290' title='bbox 1654 3834 1914 3897; x_wconf 86' lang='lat' dir='ltr'>luxatus</span> <span class='ocrx_word' id='word_1_291' title='bbox 1937 3841 2056 3911; x_wconf 91' lang='lat' dir='ltr'>est,</span> <span class='ocrx_word' id='word_1_292' title='bbox 2079 3839 2275 3918; x_wconf 88' lang='lat' dir='ltr'>atque</span> <span class='ocrx_word' id='word_1_293' title='bbox 2304 3833 2430 3897; x_wconf 92' lang='lat' dir='ltr'>hac</span> 
     </span>
    </p>

    <p class='ocr_par' dir='ltr' id='par_1_7' title="bbox 321 3932 2429 4027">
     <span class='ocr_line' id='line_1_36' title="bbox 321 3932 2429 4027; baseline -0.004 -22"><span class='ocrx_word' id='word_1_294' title='bbox 321 3960 514 4027; x_wconf 82' lang='lat' dir='ltr'>opera</span> <span class='ocrx_word' id='word_1_295' title='bbox 542 3938 1000 4003; x_wconf 79' lang='lat' dir='ltr'>emendandus·</span> <span class='ocrx_word' id='word_1_296' title='bbox 1090 3935 1335 4023; x_wconf 90' lang='lat' dir='ltr'>Ecquis</span> <span class='ocrx_word' id='word_1_297' title='bbox 1379 3958 1521 4001; x_wconf 85' lang='lat' dir='ltr'>vero</span> <span class='ocrx_word' id='word_1_298' title='bbox 1563 3956 1690 3999; x_wconf 91' lang='lat' dir='ltr'>non</span> <span class='ocrx_word' id='word_1_299' title='bbox 1718 3936 1968 4021; x_wconf 85' lang='lat' dir='ltr'>juraret</span> <span class='ocrx_word' id='word_1_300' title='bbox 1997 3932 2429 4019; x_wconf 85' lang='lat' dir='ltr'>Etymologici</span> 
     </span>
    </p>

    <p class='ocr_par' dir='ltr' id='par_1_8' title="bbox 320 4034 2432 4125">
     <span class='ocr_line' id='line_1_37' title="bbox 320 4034 2432 4125; baseline -0.003 -19"><span class='ocrx_word' id='word_1_301' title='bbox 320 4040 713 4106; x_wconf 84' lang='lat' dir='ltr'>conditorem</span> <span class='ocrx_word' id='word_1_302' title='bbox 744 4062 776 4104; x_wconf 90' lang='lat' dir='ltr'>e</span> <span class='ocrx_word' id='word_1_303' title='bbox 808 4061 929 4105; x_wconf 90' lang='lat' dir='ltr'>sua</span> <span class='ocrx_word' id='word_1_304' title='bbox 954 4038 1250 4125; x_wconf 89' lang='lat' dir='ltr'>opinione</span> <span class='ocrx_word' id='word_1_305' title='bbox 1294 4039 1523 4115; x_wconf 86' lang='lat' dir='ltr'>dicere,</span> <span class='ocrx_word' id='word_1_306' title='bbox 1554 4046 1622 4101; x_wconf 89' lang='lat' dir='ltr'>et</span> <span class='ocrx_word' id='word_1_307' title='bbox 1663 4036 1849 4123; x_wconf 85' lang='lat' dir='ltr'>quasi</span> <span class='ocrx_word' id='word_1_308' title='bbox 1881 4058 1918 4100; x_wconf 90' lang='lat' dir='ltr'>e</span> <span class='ocrx_word' id='word_1_309' title='bbox 1950 4034 2257 4099; x_wconf 86' lang='lat' dir='ltr'>cathedra</span> <span class='ocrx_word' id='word_1_310' title='bbox 2288 4055 2432 4119; x_wconf 86' lang='lat' dir='ltr'>pro—</span> 
     </span>
    </p>

    <p class='ocr_par' dir='ltr' id='par_1_9' title="bbox 319 4126 2430 4303">
     <span class='ocr_line' id='line_1_38' title="bbox 319 4126 2430 4227; baseline -0.002 -20"><span class='ocrx_word' id='word_1_311' title='bbox 319 4141 614 4209; x_wconf 79' lang='lat' dir='ltr'>nuntiare</span> <span class='ocrx_word' id='word_1_312' title='bbox 644 4142 819 4227; x_wconf 74' lang='grc' dir='ltr'>κάγὼ</span> <span class='ocrx_word' id='word_1_313' title='bbox 850 4138 1362 4227; x_wconf 82' lang='grc' dir='ltr'><em>συγκατατίθεμαι</em></span> <span class='ocrx_word' id='word_1_314' title='bbox 1391 4150 1528 4216; x_wconf 84' lang='grc' dir='ltr'><em>τοῖς</em></span> <span class='ocrx_word' id='word_1_315' title='bbox 1562 4126 1877 4225; x_wconf 66' lang='grc' dir='ltr'><em>άνδράσιῖ</em></span> <span class='ocrx_word' id='word_1_316' title='bbox 1969 4134 2151 4199; x_wconf 86' lang='lat' dir='ltr'>Nihil</span> <span class='ocrx_word' id='word_1_317' title='bbox 2181 4135 2430 4203; x_wconf 79' lang='lat' dir='ltr'>minus:</span> 
     </span>
     <span class='ocr_line' id='line_1_39' title="bbox 1384 4262 1413 4303; baseline 0 0"><span class='ocrx_word' id='word_1_318' title='bbox 1384 4262 1413 4303; x_wconf 88' lang='lat' dir='ltr'>s</span> 
     </span>
    </p>
   </div>
  </div>
 </body>
</html>
