3125 5009
747 342 845 409 48
1290 354 1657 404 DiATmBE
1696 353 1793 401 DE
1836 346 2315 403 AN'riMAcno.

749 508 909 575 satis
950 509 1159 595 liquet
1199 506 1296 571 vel
1339 526 1416 569 ex
1461 502 1838 591 fragmentis
1885 501 2027 586 ejus
2074 496 2311 585 quibus
2353 498 2509 556 aetas
2552 483 2848 575 pepercit.

754 612 842 677 Et
901 612 969 675 i'n
1029 610 1394 675 universum
1449 606 1653 670 notari
1711 611 1941 691 potest,
1995 620 2213 666 omnes
2272 592 2401 659 fere
2454 599 2853 679 poetogram-

753 715 1071 794 matistaS,
1126 712 1252 791 vel,
1302 711 1356 775 si
1406 710 1586 787 libet,
1636 716 1858 795 poetas
1910 700 2351 779 scholasticoS,
2400 690 2855 760 Antimachum

753 817 924 897 dico,
949 812 1446 893 Callimachum,
1471 810 1889 885 Nicandrum,
1910 804 2343 892 Apollonium,
2369 795 2856 883 Xenophanem,

754 929 818 984 et
859 929 1100 984 ceteros
1130 917 1329 1003 hujus
1373 913 1647 1001 geuene,
1684 933 1813 975 non
1854 906 2047 973 modo
2079 902 2553 994 quamplurima
2583 896 2857 961 Homero

757 1022 1001 1087 furatos
1041 1040 1203 1098 esse,
1241 1016 1462 1083 verum
1501 1017 1692 1080 etiam
1736 1010 2185 1099 antiquissima
2227 1004 2441 1084 verba,
2474 1010 2538 1066 et
2578 1000 2859 1065 obsoleta

759 1145 1040 1212 quaeque
1067 1130 1130 1185 et
1156 1128 1442 1185 veterum
1471 1116 1643 1192 ἅπαξ
1673 1116 2010 1202 λεγόμενα,
2036 1110 2206 1175 unde
2238 1108 2411 1173 unde
2442 1102 2779 1170 corrasisse
2802 1110 2861 1163 et

759 1228 827 1290 in
865 1233 1169 1289 centones
1216 1244 1366 1287 suos
1415 1219 1841 1284 transtulisse.
1936 1212 2217 1301 Insignis
2260 1219 2473 1275 autem
2512 1208 2593 1270 de
2631 1202 2757 1268 hac
2797 1225 2859 1267 re

765 1325 1100 1393 Plutarchi
1118 1326 1300 1390 locus
1329 1333 1426 1388 est
1454 1322 1521 1385 in
1539 1320 1676 1385 vita
1696 1318 2077 1383 Timoleont.
2104 1340 2171 1402 p.
2197 1314 2345 1377 461.
2372 1312 2469 1376 ed.
2496 1309 2645 1373 Hst.
2673 1328 2861 1394 quem

761 1432 828 1494 in
868 1430 1180 1494 lectorum
1226 1426 1495 1513 gratiam
1538 1423 1859 1509 integrum
1896 1418 2276 1483 adscribam.
2338 1411 2637 1499 Καθάπερ
2666 1411 2792 1496 γὰρ
2822 1407 2859 1483 ἡ

759 1538 875 1616 μὲν
925 1532 1314 1616 Ἀντιμάχου
1365 1532 1641 1603 ποίησις,
1694 1531 1790 1591 καὶ
1844 1525 1920 1589 τὰ
1978 1524 2321 1588 Διονυσίου
2375 1518 2863 1603 ζωγραφήματα,

759 1637 890 1700 τῶν
923 1631 1387 1717 Κολοφωνίων,
1407 1631 1600 1715 ἰσχὺν
1628 1628 1861 1714 ἔχοντα
1892 1630 1989 1691 καὶ
2019 1625 2238 1701 τόνον,
2270 1621 2868 1687 ΕΚΒΕΒΙΑΣΜΕ-

766 1742 977 1801 ΝΟῙΣ
1023 1741 1172 1799 ΚΑΙ
1222 1736 1795 1797 ΚΑΤΑΠΟΝΟΙΣ
1826 1729 2000 1807 ἔοικε,
2032 1735 2169 1800 ταῖς
2212 1721 2275 1791 δὲ
2318 1722 2687 1806 Νικομάχου
2716 1744 2869 1803 Ὑρα-

763 1846 931 1923 φαῖς,
961 1841 1058 1901 καὶ
1087 1845 1226 1911 τοῖς
1253 1832 1534 1920 Ὁμήρου
1565 1836 1835 1918 στίχοις,
1864 1831 2014 1915 μετὰ
2044 1822 2157 1904 τῆξ·
2181 1825 2391 1901 ἄλλης
2422 1820 2744 1906 δυνάμεως
2772 1824 2869 1884 καὶ

764 1941 1047 2026 χάριτος,
1067 1940 1365 2024 πρόσεστι
1392 1938 1466 2002 τὸ
1500 1932 1706 2001 δοκεῖν
1736 1935 2016 2019 εὐχερῶς
2045 1936 2142 1995 καὶ
2173 1926 2411 2015 ῥᾳδίως
2434 1919 2869 2011 ἆπείργασθαι.

765 2038 948 2105 Nota
998 2038 1297 2123 Dionysii
1352 2037 1821 2124 ζωγραφήματα
1867 2029 2171 2120 (Anglice
2213 2028 2554 2115 portraits)
2606 2025 2687 2089 de
2740 2045 2871 2113 quo

759 2142 997 2229 pictore
1024 2140 1276 2204 Plinius
1299 2160 1491 2203 xxxv.
1525 2139 1585 2203 9.
1638 2134 1985 2223 Dionysius
2008 2133 2171 2199 nihil
2190 2131 2371 2197 aliud
2390 2127 2580 2217 queim
2602 2127 2871 2191 homines

751 2244 987 2328 pinxit,
1046 2242 1124 2306 ob
1181 2242 1291 2305 hoc
1353 2238 1964 2326 Anthropographus
2022 2235 2505 2324 cognominatus,
2611 2229 2869 2293 Mireris

761 2354 973 2408 tamen
1005 2346 1280 2409 eundem
1315 2342 1735 2406 Plutarchum
1764 2342 1827 2404 in
1861 2340 1998 2404 Vit.
2032 2339 2293 2403 Romul.
2328 2360 2393 2424 p.
2426 2338 2531 2399 43.
2562 2332 2871 2398 citantem

763 2446 1227 2511 Antimachum
1271 2448 1385 2511 τὸν
1429 2449 1626 2522 Τήϊον
1670 2445 1995 2522 ἐποποιὸν,
2036 2451 2101 2505 et
2141 2440 2399 2529 quidem
2444 2436 2645 2502 Clem.
2676 2430 2865 2501 Alex.

765 2548 998 2612 Strom.
1053 2548 1132 2610 vi.
1191 2547 1337 2611 264.
1400 2546 1622 2610 laudat
1679 2568 1757 2609 ex
1817 2543 2205 2608 Antimacho
2266 2541 2408 2605 Teio
2468 2540 2871 2617 versiculum,

763 2650 1022 2728 alicubi,
1071 2650 1124 2713 si
1172 2646 1339 2713 bene
1393 2647 1652 2712 memini
1706 2648 1789 2711 ab
1841 2637 2189 2711 Eustathio
2240 2645 2533 2722 citatum,
2584 2640 2697 2709 Ἐκ
2742 2644 2873 2729 γὰρ

762 2749 984 2837 δώρων
1022 2750 1244 2818 πολλὰ
1290 2748 1419 2817 κάκ’
1454 2748 1843 2837 ἀνθρώποισι
1880 2748 2195 2815 πέλονται.
2286 2746 2409 2811 Sed
2442 2754 2709 2833 uterque
2740 2767 2876 2809 me-

761 2852 965 2918 moria
982 2854 1203 2940 lapsus
1234 2863 1368 2932 est;
1419 2860 1666 2917 certum
1688 2852 1853 2916 enim
1874 2861 1989 2929 est,
2011 2850 2374 2938 Epopoeum
2394 2848 2870 2935 Colophonium

760 2953 981 3033 fuisse,
1011 2956 1198 3041 eujus
1230 2954 1405 3041 Epos
1436 2953 1691 3040 insigne
1722 2963 1854 3017 erat
1884 2956 1923 3030 ἡ
1956 2950 2229 3039 Θηβαΐς.
2319 2949 2565 3015 Contra
2592 2950 2897 3015 Ovidius·

760 3054 952 3120 Trist.
999 3057 1042 3120 i.
1088 3060 1148 3120 5.
1191 3054 1479 3119 Clarium
1527 3078 1675 3119 eum
1723 3066 1946 3135 vocat;
1993 3054 2235 3141 quippe
2277 3053 2639 3141 Colophon,
2686 3054 2874 3133 TeOS,

763 3158 1014 3238 ClarUS,
1045 3180 1266 3221 omnes
1299 3156 1494 3221 Ioniae
1526 3158 1717 3223 urbes
1746 3158 2024 3221 fuerunt.

849 3258 1175 3339 Ceterum,
1218 3258 1568 3345 antequam
1603 3260 1683 3323 ad
1721 3260 2077 3347 fragmenta
2105 3258 2407 3345 quaedam
2436 3258 2632 3346 hujus
2660 3269 2875 3347 poetae

761 3362 1097 3425 tractanda
1146 3361 1470 3440 accedam,
1517 3361 1873 3425 monendus
1933 3370 2035 3426 est
2094 3360 2344 3442 Lector,
2395 3362 2515 3426 nisi
2574 3362 2642 3427 id
2705 3362 2874 3428 forte

761 3461 1038 3527 antehac
1093 3462 1287 3526 fando
1349 3464 1687 3549 acceperit,
1738 3463 2111 3527 Antimachi
2164 3464 2465 3551 reliquias
2515 3466 2656 3551 jam
2714 3466 2873 3531 olim

759 3564 1036 3629 edidisse
1079 3562 1691 3651 Schellenbergium,
1724 3565 1910 3629 Halae
1956 3566 2141 3629 1786.
2187 3567 2465 3652 subjecit
2506 3567 2877 3653 Epistolam

763 3667 934 3731 Frid.
956 3669 1130 3753 Aug.
1151 3666 1450 3731 Wolfius.
1500 3666 1696 3731 Hunc
1722 3667 2028 3747 libellum,
2047 3690 2238 3754 quem
2262 3670 2538 3755 egregiis
2564 3672 2876 3735 laudibus

758 3769 1188 3833 condecorant
1215 3768 1613 3833 Villoisonus
1654 3780 1717 3833 et
1759 3768 2411 3855 SchweighaeuseruS,
2444 3772 2558 3834 viri
2601 3773 2873 3859 quidem

759 3869 1223 3955 praeconiorum
1283 3871 1438 3933 satis
1510 3892 1832 3957 superque
1902 3871 2173 3957 prodigi,
2233 3872 2389 3935 mihi
2454 3895 2580 3938 non
2649 3875 2873 3939 adhuc

756 3969 992 4034 vidisse
1016 3971 1311 4056 contigit.
1362 3971 1488 4035 Sed
1521 3973 1731 4058 qualis
1762 3974 2022 4036 tandem
2053 3995 2310 4059 cunque
2334 3974 2437 4053 sit,
2461 3977 2629 4040 dabo
2652 3977 2877 4041 forsan

757 4074 1064 4137 nonnulla
1092 4096 1240 4159 quae
1277 4074 1592 4137 editorum
1636 4074 2033 4160 diligentiam
2076 4074 2443 4161 effugerint.
2538 4078 2640 4143 De
2671 4079 2876 4167 poeta

756 4174 916 4260 ipso,
951 4184 1178 4262 praeter
1209 4184 1496 4239 auctores
1527 4198 1721 4262 supra
1752 4176 2067 4257 laudatos,
2088 4177 2273 4264 plura
2304 4180 2555 4245 dabunt
2588 4182 2674 4246 Is.
2698 4183 2879 4246 Vos-
