3125 5009
1011 372 1455 427 ,ΛΝΤῐΜΑοιιῐ
1497 378 1699 425 νιΤΑ.
2309 359 2404 427 23

311 522 464 581 ante
521 517 838 584 Achillem
885 530 1105 586 natum
1154 533 1370 611 gestas
1414 525 1879 612 complectitur,
1926 526 2085 593 mira
2136 552 2286 618 ergo
2345 541 2408 596 et

309 618 601 686 inaudita
649 622 714 685 in
767 624 882 687 tali
934 625 1212 691 carmine
1261 638 1550 693 occurrat
1597 628 1793 715 hujus
1841 630 1958 694 viri
1998 632 2254 712 mentm,
2288 655 2405 699 nec

310 722 549 787 mentio
579 724 807 802 solum,
839 726 949 789 sed
981 727 1070 791 rei
1097 727 1178 791 ab
1211 751 1286 793 eo
1321 728 1506 793 factae
1537 729 1839 795 historica
1868 735 2402 800 commemoratio.

313 824 443 889 Ubi
474 826 623 890 huic
659 830 949 915 exemplo
980 829 1187 896 simile
1219 831 1391 895 aliud
1429 832 1602 919 apud
1647 832 1997 899 Homerum
2037 836 2399 903 inveneris?

305 927 487 992 -At
517 928 701 995 sedes
722 952 1042 1013 versuum,
1067 932 1146 997 de
1175 933 1413 1021 quibus
1436 934 1778 1021 loquimur,
1797 958 1924 1000 non
1948 938 2205 1003 omuino
2233 951 2406 1005 certa

309 1036 429 1109 est,
458 1052 667 1119 neque
697 1033 856 1098 adeo
885 1034 1042 1098 satis
1079 1035 1498 1121 exploratum,
1529 1058 1611 1099 an
1648 1051 1881 1101 cuncta
1922 1048 2127 1125 poetae
2163 1041 2403 1128 scripta

309 1152 427 1196 nos
455 1134 708 1198 nomine
737 1144 926 1200 tenus
946 1135 1136 1201 hodie
1165 1134 1470 1202 norimus.
1533 1136 1726 1212 Quod
1765 1138 1818 1203 si
1849 1161 2015 1218 vero,
2034 1150 2105 1205 ut
2138 1142 2408 1223 videtur,

307 1233 738 1321 fragmentum
770 1258 804 1301 e
833 1237 1160 1303 Thebaide
1200 1239 1607 1326 depromtum
1639 1241 1746 1321 sit,
1777 1241 1875 1305 vel
1918 1242 2010 1305 sic
2052 1242 2202 1309 inde
2242 1245 2405 1309 nihil

309 1338 601 1403 efficitur.
693 1340 958 1405 Poetam
1001 1342 1167 1406 enim
1210 1342 1316 1407 hic
1356 1341 1691 1421 habemuS,
1718 1344 1800 1408 ob
1838 1344 2152 1431 insignem
2182 1347 2403 1435 loqua-

307 1439 565 1505 citatem
613 1452 678 1507 et
723 1443 1176 1531 prolixitatem,
1220 1466 1261 1509 a
1306 1445 1627 1509 veteribus
1669 1446 1811 1533 jam
1863 1457 2175 1529 notatum,
2220 1450 2406 1536 cujus

307 1543 611 1632 ambages
662 1554 728 1611 et
785 1547 1208 1635 digressiones
1265 1548 1414 1637 quis
1473 1570 1644 1613 nunc
1705 1548 1893 1614 facile
1945 1550 2226 1639 indaget,
2274 1564 2407 1632 aut,

309 1650 632 1735 quomodo
662 1673 792 1716 rem
823 1653 1102 1718 maxime
1132 1653 1404 1717 alienam
1444 1653 1669 1731 visam,
1700 1654 1966 1718 consilio
2006 1676 2121 1719 suo
2160 1678 2411 1721 accom-

309 1751 606 1833 modarit,
651 1756 1024 1843 conjectura
1068 1757 1322 1844 assequi
1376 1756 1631 1820 valeat?
1704 1756 1845 1821 Hac
1886 1757 2107 1844 itaque
2153 1758 2253 1821 via
2307 1780 2407 1824 res

311 1855 566 1920 omnino
603 1856 802 1922 dubia
849 1859 1252 1946 relinquitur,
1296 1879 1414 1922 nec
1460 1859 1665 1937 vide0,
1717 1858 2039 1946 quomodo
2090 1861 2319 1924 confici
2370 1884 2410 1925 a

309 1957 494 2021 nobis
541 1958 701 2024 bene
749 1961 972 2047 possit.
1074 1960 1176 2024 Ita
1215 1960 1597 2025 sententiam
1638 1982 1854 2024 eorum
1893 1961 2257 2047 amplector,
2290 1963 2407 2050 qui

307 2060 616 2144 poematis
655 2051 1099 2149 argumentum
1142 2062 1204 2123 in
1243 2062 1448 2148 primo
1488 2062 1660 2125 bello
1698 2060 2004 2128 Thebano
2045 2063 2406 2130 substitisse

311 2172 561 2249 putant,
592 2186 988 2252 quamquam
1017 2162 1419 2250 trepidarem,
1451 2162 1502 2226 si
1533 2171 1724 2227 certae
1755 2162 2031 2228 rationes
2062 2165 2221 2230 mihi
2253 2166 2407 2231 affe·

307 2265 522 2329 rendae
552 2276 784 2331 essent.
1974 2294 2013 2307 -”

396 2468 680 2535 Videbar
707 2471 864 2535 mihi
894 2472 1170 2560 primum
1212 2471 1337 2536 alia
1367 2470 1470 2535 via
1502 2492 1721 2535 verum
1760 2471 2159 2552 inventurus,
2189 2493 2337 2537 cum
2368 2496 2407 2537 a

313 2570 464 2637 viris
491 2572 699 2638 doctis
729 2585 957 2660 praeter
983 2574 1310 2639 Thebaida
1332 2596 1566 2638 novum
1593 2595 1767 2659 epoS,
1784 2573 2119 2659 Ἐπίγονοι
2141 2574 2410 2662 inscrip-

310 2686 472 2759 tum,
504 2676 585 2741 ad
611 2678 1073 2743 Antimachum
1098 2676 1307 2742 referri
1336 2675 1683 2740 videremfl*
1761 2674 1889 2739 Sed
1916 2675 2055 2739 haec
2080 2676 2219 2763 ipsa
2240 2698 2408 2763 speS,

314 2778 508 2865 hujus
568 2800 829 2867 quoque
886 2779 1104 2844 indicii
1163 2779 1374 2843 fontes
1429 2777 1861 2864 investiganti,
1918 2799 2071 2841 mox
2128 2777 2408 2841 evanuit.

315 2878 452 2945 Niti
485 2883 658 2947 enim
686 2882 848 2946 illud
881 2882 1260 2947 auctoritate
1302 2880 1638 2944 videbatur
1676 2900 1801 2942 non
1844 2878 1992 2958 alia,
2023 2901 2219 2966 quam
2262 2900 2413 2965 quae

311 2982 478 3047 infra
504 3006 544 3049 a
583 3006 682 3049 me
711 2985 1094 3071 profertur,†
1124 2992 1189 3049 et
1216 3005 1344 3048 non
1376 3004 1505 3047 una
1536 3003 1736 3046 causa
1764 2979 1855 3045 ita
1886 2979 2304 3057 imminuitur,
2338 2989 2411 3043 ut

313 3085 610 3151 leviorem
651 3109 788 3151 eam
830 3087 1049 3151 statim
1089 3085 1436 3173 legentium
1486 3084 1764 3171 quisque
1810 3092 2139 3168 agnoscat.
2228 3080 2415 3144 Adii-

312 3208 455 3251 cere
486 3187 591 3252 hic
619 3189 828 3275 juvat,
850 3188 987 3274 jam
1032 3187 1114 3252 ab
1154 3186 1480 3252 Herodoto
1519 3185 1601 3249 de
1635 3182 2062 3271 Hyperboreis
2092 3189 2409 3259 narrante,

314 3288 641 3377 Epigonos
672 3290 956 3371 excitari,
985 3300 1059 3354 ut
1096 3311 1354 3355 carmen
1394 3285 1943 3374 antiquissimum,
1972 3284 2142 3348 inter
2175 3283 2415 3347 Home-

312 3392 444 3457 rica
488 3393 662 3471 olim,
721 3392 832 3457 sed
883 3393 1011 3457 fide
1061 3415 1288 3479 parum
1343 3390 1689 3477 explorata,
1740 3384 2214 3469 numeratum.‡
2324 3383 2416 3447 At

315 3494 611 3582 quisquis
659 3495 800 3581 ejus
854 3504 1076 3560 auctor
1127 3494 1338 3572 fuerit,
1379 3501 1512 3555 tam
1558 3499 1885 3554 vetustum
1930 3508 2181 3551 carmen
2238 3486 2417 3548 nullo

307 3599 474 3686 jure,
503 3619 624 3663 nec
668 3597 790 3661 nisi
835 3598 916 3662 ab
959 3596 1216 3661 indocto
1255 3593 1532 3672 homine,
1572 3602 1788 3656 nostro
1830 3587 2108 3653 adscribi
2147 3596 2415 3673 poterat.

399 3831 432 3864 ⁴*
475 3831 549 3891 V.
583 3827 811 3888 Fabric.
845 3826 993 3885 Bibl.
1020 3825 1213 3885 Graec.
1241 3824 1308 3883 T.
1328 3823 1374 3881 Ι.
1397 3842 1455 3900 p.
1488 3823 1629 3881 571.

399 3934 434 3995 ὴ
476 3923 553 3983 V.
585 3922 659 3981 ad
687 3923 781 3980 Fr.
814 3920 1054 3981 XLVII.

403 4027 428 4090 Ι
473 4017 753 4077 Herodot.
778 4017 881 4075 IV.
913 4018 1010 4075 32.
1029 4013 1160 4073 loco
1183 4030 1218 4069 a
1239 4006 1507 4069 Bentleio
1531 4007 1644 4085 Ep.
1666 4003 1741 4063 ad
1768 4001 1919 4061 Min.
1951 4021 2009 4080 p.
2035 4004 2176 4060 504.
2202 3998 2417 4058 allato:

320 4112 540 4173 —''Eor2
585 4111 641 4171 δὲ
687 4114 773 4171 καὶ
809 4110 1032 4191 Ὀμῆρῳ
1077 4109 1138 4167 ἓν
1168 4106 1535 4179 Ἐπιγόνοισι,
1577 4103 1623 4159 εἲ
1664 4097 1727 4169 δὴ
1763 4102 1859 4176 τῷ.
1877 4097 2022 4155 ε’όντὶ
2058 4120 2125 4169 γε
2164 4093 2426 4171 ”Ομηρος

323 4215 493 4265 ταῦτα
520 4212 588 4265 τὰ
618 4206 751 4265 ἔπεα
777 4205 1015 4274 ἐποίησε.
