3125 5009
789 282 1259 332 FRAGMENTA
1300 283 1646 333 menum
1681 284 1912 333 sums.
2270 264 2405 331 103

288 428 537 495 sionum
595 429 877 510 Homeri,
932 456 1081 521 quae
1131 431 1285 498 olim
1335 442 1467 498 tam
1516 433 1784 499 diversae
1833 432 2112 513 fuerunt,
2165 432 2232 496 in
2283 431 2408 496 isto
2491 454 2498 459 ·

288 552 469 597 versu
514 533 892 620 scripturam
930 542 1009 614 ἦν
1050 534 1250 601 fuisse
1294 545 1636 623 receptam.
1730 534 2163 600 Nihilominus
2208 534 2411 622 Lyco-

290 635 574 721 phronis,
614 637 831 703 nescio
867 638 1081 725 cujus,
1113 638 1435 725 judicium
1472 660 1602 703 non
1641 638 1848 726 capio.
1940 637 2043 703 De
2083 637 2203 703 Ida
2234 660 2292 701 v.
2325 637 2410 702 ad

295 735 401 802 Fr.
430 734 719 819 LXXII.

1262 1064 1451 1129 LIII.

430 1269 567 1351 Τόν
608 1269 671 1352 δ’
712 1269 1276 1381 οἷποιμειβόμενος
1316 1270 1617 1390 προσ-ἔφη
1659 1274 1881 1390 κρείων
1925 1271 2278 1383 Διομήδης.

300 1498 602 1563 Homini
636 1519 875 1578 versuS,
904 1497 1025 1562 hac
1054 1496 1321 1563 formula
1347 1498 1751 1586 incipienteS,
1783 1502 1998 1587 plures
2025 1513 2175 1589 post
2204 1502 2413 1568 Crati-

299 1624 479 1681 num,
498 1602 688 1689 cujus
711 1600 1089 1677 auctoritate
1110 1598 1511 1689 Porphyrius
1536 1602 1679 1668 loco
1701 1603 1892 1669 modo
1907 1604 2168 1671 laudato
2190 1606 2415 1685 utitur,

300 1726 520 1791 parum
562 1704 744 1792 gnari
784 1704 1073 1792 antiquae
1114 1704 1564 1791 simplicitatiS,
1605 1704 1881 1771 ludibrio
1921 1706 2307 1789 habuerunt,
2345 1709 2413 1772 in

300 1807 405 1872 his
437 1806 722 1874 Martial.
755 1806 881 1895 Ep.
915 1806 969 1886 Ι,
999 1807 1107 1872 46.
1202 1806 1335 1872 Sed
1376 1808 1614 1888 nesci0,
1643 1831 1726 1872 an
1767 1810 1923 1875 satis
1962 1818 2134 1875 recte
2160 1833 2413 1877 versum

300 1910 394 1976 sic
417 1910 733 1999 scriptum
753 1909 1199 1975 Antimacheis
1216 1932 1652 1990 annumerem,
1671 1933 1820 1976 cum
1837 1912 2026 1977 verba
2051 1934 2154 2003 ap.
2174 1912 2414 1978 Euseb.

303 2034 431 2077 non
481 2012 742 2078 omnino
790 2011 965 2076 clara
1022 2022 1087 2075 et
1143 2011 1483 2099 perspicua
1541 2012 1674 2077 sint
1728 2021 1987 2100 propter
2041 2013 2418 2100 ambiguum

301 2113 669 2200 μεταθεῖναι.
758 2112 953 2201 Apud
1005 2112 1195 2179 Hom.
1237 2122 1453 2178 tamen
1497 2113 1564 2178 in
1619 2114 1914 2179 universa
1955 2113 2160 2179 Iliade
2199 2138 2421 2181 versus

304 2238 597 2304 prorsum
638 2217 813 2282 idem
857 2238 1179 2303 nusquam
1224 2239 1264 2282 a
1301 2238 1405 2281 me
1450 2214 1752 2281 inventus
1797 2227 1914 2296 est,
1954 2226 2188 2305 praeter
2235 2217 2311 2281 ΙΙ.
2349 2218 2416 2285 λ.

303 2320 486 2401 316.,
518 2321 631 2408 qui
662 2341 834 2384 nunc
865 2318 932 2383 in
962 2318 1142 2383 libris
1165 2318 1527 2384 simillimus
1551 2327 1671 2385 est.
1765 2319 1856 2383 At
1884 2319 1939 2384 si
1970 2318 2078 2383 ille
2101 2319 2420 2405 genuinus

306 2423 432 2488 fuit
461 2421 854 2503 Antimachi,
886 2421 1090 2510 quaeri
1119 2429 1350 2509 potest,
1393 2429 1609 2487 utrum
1651 2444 1686 2486 e
1737 2420 2063 2486 Thebaide
2094 2421 2200 2500 sit,
2231 2444 2311 2486 an
2342 2444 2422 2487 ex

307 2526 433 2591 alio
464 2526 605 2614 ejus
635 2525 933 2591 carmine.
981 2522 1179 2588 Nulla
1206 2523 1406 2610 hujus
1436 2522 1525 2589 rei
1556 2523 1796 2589 diserta
1817 2524 2058 2588 mentio
2089 2523 2153 2588 in
2180 2524 2422 2590 Euseb.

310 2627 455 2694 Hoc
487 2627 648 2709 dixi,
678 2650 758 2692 ne
786 2627 933 2715 quis
960 2627 1103 2691 Ioco
1132 2625 1341 2691 calide
1370 2625 1696 2705 abutatur,
1721 2634 1786 2690 et
1811 2626 1966 2691 certi
1998 2626 2150 2691 hinc
2179 2625 2424 2714 aliquid

308 2730 524 2818 colligi
554 2738 745 2817 putet
772 2729 851 2793 ad
885 2728 1047 2817 epici
1069 2728 1382 2815 poematis
1408 2728 1866 2808 extensionem,
1890 2750 2038 2794 cum
2065 2728 2426 2811 DiomediS,

310 2843 386 2899 ut
429 2834 495 2897 in
542 2854 618 2899 eo
663 2832 936 2920 agentis,
980 2852 1247 2918 persona
1292 2838 1603 2896 occurrat.
1693 2828 1893 2911 Quid,
1929 2830 2105 2918 quod
2149 2853 2229 2896 ne
2268 2831 2429 2895 certi

310 2935 573 3023 quidem
614 2956 857 3016 sumne,
891 2931 1176 3021 Tydeine
1223 2932 1396 2998 filius
1444 2932 1551 2997 hic
1592 2932 1982 3020 designetur,
2022 2954 2105 2996 an
2141 2932 2319 3013 alter,
2359 2931 2428 2994 in

311 3032 549 3103 fabulis
578 3059 766 3124 aeque
809 3035 1074 3115 celeber,
1105 3036 1185 3100 de
1225 3058 1357 3123 quo
1383 3060 1445 3101 v,
1477 3033 1814 3100 Summum
1856 3034 2068 3122 Heyn.
2105 3034 2188 3099 ad
2231 3034 2431 3121 Apol-

313 3140 444 3205 lod.
480 3162 544 3228 p.
574 3140 723 3204 370.

1288 3443 1462 3509 LIV.

496 3669 719 3759 Λοιῶν,
765 3663 927 3747 οἷο-ιν
970 3662 1297 3755 ἄνασσον,
1343 3659 1793 3780 ἐκαρτύναντο
1834 3659 2255 3763 φάλαγγας.

328 3912 659 3977 Lucrruu
714 3905 951 3971 ibidem
1002 3922 1245 3979 versus,
1292 3909 1369 3964 ut
1423 3899 1682 3977 dicitur,
1735 3896 2056 3962 conflatus
2103 3918 2138 3961 e
2184 3895 2440 3961 duobus

324 4009 706 4091 Homericis,
730 4030 958 4095 nempe
986 4005 1116 4070 od.
1134 4002 1209 4093 β.
1228 4004 1377 4068 234.
1395 4009 1462 4068 et
1488 4001 1566 4067 Il.
1597 4030 1668 4068 π.
1689 4000 1863 4078 563.,
1883 3999 1947 4062 in
1974 4020 2106 4086 quo
2135 3998 2438 4086 puerilem

326 4114 591 4182 Homeri
622 4110 1037 4177 imitationem
1070 4108 1133 4172 in
1164 4114 1384 4173 nostro
1420 4104 1710 4192 arguisse
1740 4102 1992 4166 videtur
2021 4100 2439 4188 Porphyrius.
