3125 5009
848 350 1314 401 FRAGMENTA
1359 353 1705 405 uscmz'rAE
1736 355 1960 405 ssms.
2295 336 2429 404 107

324 494 988 581 κεφαλάς.--Δΰπτειν
1020 498 1084 569 δέ
1122 505 1247 569 ἐστι
1288 505 1360 571 τὸ
1403 500 1631 585 δύνειν,
1664 507 1752 583 ὡς
1789 507 1960 593 παρὰ
2005 502 2425 591 Καλλιμάχῳ·

325 598 567 667 Aba-rm
626 596 682 667 δ’
738 600 807 677 ἐξ
865 602 1028 681 ἁλὸς
1086 606 1439 691 ἐρχόμενοι.
1528 606 1827 685 (Plenius
1885 617 2098 673 exstat
2158 607 2428 673 Collect.

326 695 598 765 Bentlei.
628 702 800 781 167.)
893 707 1215 793 Πρότερος
1245 703 1307 774 δὲ
1332 708 1722 798 Ἀντίμαχος
1754 709 1937 777 Ἠΰτε
1969 739 2020 777 κ.
2053 708 2115 777 λ.
2209 708 2428 796 Hujus

322 799 441 865 loci
473 805 920 871 correctionem
955 807 1108 871 mihi
1140 810 1581 896 suppeditavit
1612 811 1809 877 Wolf.
1843 811 1925 875 V.
1960 811 2097 877 Cel.

625 954 807 1023 ’Han
837 986 932 1035 τις
962 958 1156 1036 καῦηξ
1185 957 1437 1027 ὃΰπτων
1465 964 1531 1038 ἐς
1562 960 1850 1049 ἁλμυρὸν
1880 959 2069 1049 ὕδωρ.

324 1094 559 1161 Postea
586 1108 801 1168 autem
832 1102 1109 1167 eundem
1140 1126 1389 1169 versum
1434 1106 1626 1191 paulo
1665 1106 1849 1171 aliter
1889 1104 2262 1171 restitutum
2298 1105 2425 1171 vidi

320 1220 359 1263 a
388 1197 449 1263 J.
486 1199 835 1289 Rutgersio
866 1203 1015 1269 Var.
1050 1204 1255 1273 Lectt.
1289 1230 1355 1295 p.
1392 1208 1531 1272 191.

624 1354 805 1423 Ἢΰτε
834 1386 930 1435 τις
960 1356 1156 1437 καῦηξ
1186 1357 1489 1447 Somnum
1518 1364 1582 1436 ἐς
1613 1359 1902 1448 ἁλμυρὸν
1932 1357 2136 1446 οἶδμα.

322 1498 449 1566 Sed
480 1524 628 1590 quae
659 1502 764 1567 hic
788 1503 1183 1593 conjunctivi
1212 1504 1307 1569 vis
1330 1526 1467 1569 esse
1495 1504 1719 1593 possit,
1736 1504 2036 1593 equidem
2061 1527 2189 1569 non
2214 1504 2421 1587 video,

320 1603 607 1692 adeoque
646 1605 919 1693 priorem
954 1606 1462 1673 emendationem
1493 1607 1683 1673 unice
1713 1607 2143 1695 arripiendam
2175 1629 2423 1673 censeo·

321 1704 623 1771 Ceterum
680 1708 1047 1775 neutraliter
1103 1710 1366 1775 verbum
1431 1710 1515 1774 ab
1574 1709 1964 1775 Antimacho
2024 1720 2425 1797 usurpatum,

317 1830 579 1896 quoquo
624 1810 813 1874 modo
861 1832 1078 1877 versus
1123 1811 1391 1898 legatur,
1439 1811 1506 1875 in
1557 1822 1776 1900 aperto
1825 1822 1941 1893 est,
1978 1820 2043 1876 et
2079 1812 2172 1875 ita
2225 1811 2428 1875 utitur

316 1912 539 1979 eodem
584 1914 797 2001 Apoll.
831 1913 959 1979 Rh.
997 1914 1052 1997 Ι,
1093 1916 1276 1981 1326.
1311 1924 1374 1980 et
1423 1914 1801 2002 Lycophron
1844 1937 1902 1979 v.
1937 1915 2086 1978 715.
2129 1936 2243 2001 pro
2281 1914 2425 1979 sub-

318 2016 517 2104 mergi
555 2040 605 2083 s.
636 2040 865 2103 aquam
900 2016 1127 2083 subire.
1221 2015 1441 2096 Καύηξ
1477 2016 1616 2081 avis
1660 2038 1850 2081 vorax
1889 2024 2010 2095 est,
2053 2015 2227 2081 larus
2268 2015 2424 2082 alibi

318 2123 509 2197 καύης
557 2119 656 2184 vel
710 2119 825 2197 κὴξ
870 2119 1105 2198 ἀίοωε,
1144 2120 1224 2185 de
1271 2140 1403 2207 quo
1444 2141 1499 2181 v.
1537 2116 1904 2184 Hemsterh.
1955 2118 2037 2183 ad
2090 2118 2422 2205 Aristoph.

321 2219 496 2286 Plut.
526 2243 587 2307 p.
618 2221 764 2285 312.
857 2220 1313 2307 Fragmentum
1359 2220 1438 2284 ad
1472 2219 1694 2307 Lyden
1724 2218 1981 2285 videtur
2020 2219 2423 2307 pertinuisse,

318 2324 488 2409 quod
536 2345 736 2387 unum
786 2322 905 2388 hoc
953 2332 1157 2410 poetae
1200 2344 1453 2391 carmen
1504 2344 1753 2410 semper
1796 2321 1903 2387 ille
1949 2320 2313 2395 Scholiasta
2341 2320 2423 2386 ad

314 2434 525 2513 partes
556 2436 755 2490 vocat.

1283 2724 1459 2791 LIX.

508 2927 729 3045 Πῶρος
769 2926 884 3009 τοί
914 2926 986 3031 ’γ’
1026 2924 1347 3031 αἷλὸχοισι
1388 2924 1507 3009 καὶ
1551 2924 1644 3019 οἷς
1685 2923 2024 3008 τεκέεσσιν
2066 2924 2381 3019 ἕκαστος.

924 3099 974 3151 ἦ
1208 3099 1258 3151 ἦ
1490 3100 1537 3149 916
1771 3101 1820 3149 5ss

489 3198 798 3318 Hwenrtiv
838 3196 1159 3303 οἷλὸχοισι
1200 3198 1320 3283 καὶ
1354 3197 1448 3293 οἷς
1488 3194 1829 3281 τεκέεσσιν
1871 3196 2108 3280 ἔθεντο.

320 3446 573 3511 Senon.
615 3444 811 3532 Soph.
851 3443 932 3511 O.
966 3443 1046 3510 C.
1085 3468 1142 3509 v.
1182 3444 1278 3509 14.
1375 3452 1623 3533 Πωρεῖν
1664 3446 1724 3510 οἱ
1767 3442 2010 3511 Ἠλεῖοι
2050 3445 2122 3509 τὸ
2167 3442 2420 3511 πενθεῖν

318 3554 489 3638 φασί.
518 3554 662 3615 ’Καὶ
688 3549 1095 3634 Ἀντίμαχος·
1128 3543 1638 3634 nopae-napa*
1663 3550 1849 3611 τοῦτο
1879 3544 1996 3612 οὖν
2017 3543 2424 3633 ταλαίπωρος

316 3650 800 3738 ἐτυμολογεῖται.
892 3648 1138 3713 Eadem
1177 3647 1305 3713 fere
1332 3656 1588 3713 exstant
1623 3646 1688 3710 in
1730 3644 1947 3711 Schol.
1979 3645 2062 3710 ad
2094 3644 2420 3732 Aristoph.

321 3755 497 3821 Plut.
526 3755 630 3819 33.
722 3752 1143 3817 Posterior-em
1173 3772 1423 3815 versum
1455 3771 1490 3815 e
1525 3748 1744 3815 Suidae
1777 3747 2091 3835 corruptis
2122 3769 2179 3812 v.
2199 3753 2420 3835 πῶρος
2505 3740 2516 3755 ’

316 3870 383 3925 et
421 3855 845 3943 ταλαίπωρος,
879 3863 1025 3943 post
1064 3852 1442 3941 Sopingium
1480 3860 1779 3917 eruerunt
1809 3849 1954 3914 VV.
1983 3849 2136 3915 DD.
2170 3849 2255 3915 V.
2290 3850 2422 3916 He-

319 3960 495 4047 sych.
512 3983 571 4024 V.
583 3968 817 4045 πωρεῖυ
835 3968 900 4021 et
918 3959 1229 4043 πωρητὺς,
1248 3956 1422 4043 quod
1450 3954 1726 4043 explicat
1741 3951 2152 4039 ταλαιπωρία,
2163 3952 2418 4033 πένθος,

316 4063 537 4151 ibique
564 4062 782 4148 Intpp.
872 4058 997 4126 Sed
1028 4080 1230 4147 quum
1263 4080 1459 4123 unum
1490 4066 1743 4124 tantum
1766 4054 2137 4119 Antimachi
2167 4076 2420 4120 versum
2531 4084 2540 4093 ·

319 4187 456 4232 esse
472 4165 668 4251 vulgo
694 4163 1088 4242 statuissent,
1108 4162 1242 4227 sola
1272 4160 1606 4249 scripturae
1637 4156 2063 4245 discrepantia
2081 4156 2421 4237 variatum,
