3125 5009
709 356 805 425 64
1318 366 1762 417 AN'rmAcm
1821 363 2221 415 aemoniae.

710 547 791 590 ex
824 522 1095 609 antiquo
1130 540 1417 584 sermone
1460 516 1824 603 repetitum,
1857 515 1940 579 ab
1983 513 2204 577 eadem
2249 510 2456 575 radice
2491 507 2837 596 pullulans,

713 625 884 691 unde
930 632 1031 689 est
1076 622 1265 687 hodie
1314 618 1638 707 vulgatius
1683 621 1913 705 τεΰχω,
2005 614 2232 679 Fuisse
2279 620 2494 677 autem
2541 608 2838 672 videntur

710 731 890 806 τεῦω,
918 729 1145 813 τεΰχω,
1170 726 1427 803 τευτάω,
1458 724 1699 807 τευμᾶω
1735 728 1800 785 et
1838 720 2196 805 τευμᾶομαι.
2287 713 2554 802 Spectat
2592 710 2742 789 huc,
2771 718 2838 774 et

715 827 795 891 ad
846 826 1105 891 eosdem
1156 836 1362 912 poetae
1411 846 1650 902 versus,
1699 844 1861 909 quos
1908 819 2324 907 explicamus,
2367 814 2581 902 Etym.
2632 811 2726 876 M.
2767 834 2834 897 p.

715 932 866 1009 755,
899 930 944 993 l.
974 930 1079 993 50.
1167 932 1549 1013 Τευμὴσατο·
1594 924 2119 1010 παρεσκευάσατο,
2141 923 2540 1007 ἐτεχνήσατο·
2587 915 2843 1003 Ε’ἷρηται

720 1030 805 1113 δὲ,
836 1036 931 1099 ὅτι
958 1034 1073 1099 τὸν
1106 1033 1430 1116 Τευμησὸν
1464 1032 1537 1095 τὸ
1577 1030 1733 1115 ὄρος
1769 1028 1891 1093 ὑπὸ
1928 1032 2038 1091 τοῦ
2078 1026 2236 1100 Διὸς
2275 1023 2843 1089 κατασκευασθέντα

717 1138 807 1210 εἷς
827 1134 1188 1219 ἀπόκρυψιν
1220 1141 1333 1209 τῆς
1372 1133 1686 1218 Εὐρώπης
1719 1130 1846 1197 α’πὸ
1880 1130 2127 1205 τούτου,
2159 1125 2462 1202 κληθῆναι
2495 1122 2840 1207 Τευμησὸν,

716 1238 845 1305 ἀπὸ
904 1242 1017 1303 τοῦ
1074 1236 1574 1303 κατεσκευάσθαι.
1675 1232 1910 1319 Liquet
1969 1238 2270 1317 praeterea
2327 1226 2500 1304 hinc,
2569 1222 2847 1288 Teumesi

720 1339 1102 1405 vocabulum
1146 1337 1321 1425 prius
1360 1358 1502 1401 esse
1540 1345 1607 1400 et
1645 1333 2000 1422 antiquius,
2028 1340 2094 1395 et
2131 1331 2214 1395 ad
2254 1328 2428 1418 quod
2470 1325 2842 1393 Antimachi

722 1442 969 1506 notatio
1000 1440 1309 1528 pertinere
1352 1438 1539 1502 unice
1578 1445 1849 1525 poterat.
1940 1433 2063 1499 Sed
2107 1442 2256 1499 ante
2292 1431 2506 1497 omnia
2534 1430 2844 1497 tentanda

721 1545 849 1610 fuit
875 1545 1002 1609 loci
1034 1543 1418 1620 emendatiO,
1448 1562 1641 1629 quam
1680 1539 1944 1603 timidus
1981 1537 2279 1627 equidem
2311 1536 2583 1599 virorum
2615 1533 2848 1599 intelli-

723 1648 1013 1736 gentium
1033 1646 1285 1734 judicio
1317 1665 1687 1731 proponam.
1779 1641 2068 1728 Legerim
2098 1660 2355 1727 nempe:

898 1800 1141 1867 Οὖνεκᾶ
1169 1801 1230 1864 οἱ
1262 1792 1582 1883 Κρονίδης
1611 1796 1754 1859 ὅστε
1781 1796 1938 1879 μέγα
1963 1795 2159 1858 πᾶσιν
2187 1788 2467 1867 α’νᾶσσει,

887 1901 1169 1987 Ἀντρον
1192 1903 1281 1967 ἐνὶ
1313 1902 1456 1984 σκιῇ
1478 1900 1849 1982 τευμῆσατο,
1877 1897 2080 1980 τόφρα
2113 1922 2214 1959 κεν
2244 1892 2332 1970 εἴη

900 2006 1196 2076 Φοίνικος
1226 2002 1420 2085 κούρα
1445 2000 1830 2083 κεκευὸμένα,
1855 1998 1944 2072 ὡς
1973 1996 2094 2082 ἄρα
2121 1999 2206 2078 μή
2235 2023 2351 2074 τις,

902 2099 1075 2180 Μηδὲ
1104 2104 1273 2168 θεῶν
1301 2099 1510 2176 ἄλλος
1540 2127 1613 2187 γε
1642 2098 1844 2187 παρὲξ
1873 2096 2224 2186 φράσσαιτό
2255 2124 2358 2164 κεν
2386 2096 2600 2162 αὐτοῦ.

727 2251 934 2316 Versu
988 2252 1032 2315 l.
1077 2272 1154 2315 ex
1206 2249 1394 2314 Hom.
1448 2249 1524 2315 Il.
1577 2248 1654 2337 β.
1700 2250 1848 2329 669,
1896 2248 2168 2335 aliisque
2219 2246 2378 2312 locis
2427 2244 2632 2332 recepi
2687 2247 2856 2310 ὅστε.

732 2351 949 2416 Possit
994 2352 1185 2416 etiam
1236 2352 1313 2429 ὃς
1354 2349 1431 2430 δὴ
1474 2381 1540 2438 μ.
1584 2381 1651 2419 π.
1692 2349 1974 2419 ἀνάσσει.
2061 2348 2146 2413 V.
2176 2350 2241 2414 2.
2273 2348 2341 2421 ni
2383 2346 2589 2427 fallor,
2623 2344 2855 2411 vitium

727 2454 940 2519 adhuc
988 2462 1299 2540 superest.
1364 2452 1608 2519 Saltem
1643 2453 1803 2517 mihi
1851 2474 2181 2540 nunquam
2223 2451 2496 2539 legendo
2542 2452 2746 2538 prima
2789 2449 2856 2514 in

733 2560 870 2625 σκιὰ
921 2556 1231 2645 producta
1267 2558 1560 2622 occurrit.
1653 2558 1755 2621 An
1801 2556 2156 2643 legendum'
2195 2556 2432 2644 ἄντρον
2477 2557 2567 2623 ἐνὶ
2609 2556 2858 2642 σκιερὸν

726 2660 1119 2746 τευμήσατοῗ
1209 2660 1340 2724 Ubi
1386 2664 1829 2746 ἐνετευμήσατο
1875 2667 2043 2724 esset
2086 2658 2545 2746 copulandum.
2639 2656 2862 2723 Potuit

730 2784 989 2849 quoque
1030 2761 1219 2825 scribi
1264 2761 1498 2849 ἄντρον
1530 2759 1852 2848 ἠλίβατον
1887 2783 1999 2826 seu
2033 2759 2335 2849 ἠγάθεον,
2366 2770 2432 2824 et
2471 2759 2592 2823 hoc
2631 2768 2860 2846 postea

730 2863 1035 2950 explicari
1083 2869 1149 2931 ἐν
1196 2869 1356 2951 σκιῇ.
1446 2863 1575 2927 Sed
1626 2864 1780 2951 quid
1841 2886 1967 2929 non
2013 2864 2224 2951 potuit
2275 2863 2410 2927 fieri
2462 2863 2527 2927 in
2578 2862 2856 2927 talibus!

738 2966 990 3031 Deinde
1020 2990 1081 3031 v.
1122 2968 1182 3030 2.
1214 2964 1526 3053 τοφρᾶκεν
1555 2965 1820 3046 divulsi,
1853 2978 2038 3047 recte,
2070 2977 2142 3032 ut
2172 2966 2416 3053 opinor.
2507 2964 2592 3032 V.
2625 2966 2688 3031 3.
2777 2964 2859 3031 In

732 3074 927 3159 κούρα
958 3099 1078 3138 κεκ.
1111 3068 1417 3133 Doricam
1445 3069 1713 3133 formam
1755 3090 1880 3132 non
1920 3079 2206 3156 tangam,
2237 3068 2391 3135 licet
2430 3068 2497 3133 in
2530 3070 2667 3134 loco
2697 3069 2859 3134 adeo

732 3185 1027 3260 corrupto
1074 3171 1237 3235 nihil
1284 3171 1435 3237 inde
1479 3171 1688 3257 possit
1729 3170 1954 3236 effici:
2010 3170 2173 3235 Mox
2217 3193 2330 3258 pro
2379 3176 2456 3249 ὅς
2492 3172 2597 3259 ῥα,
2635 3171 2862 3259 majori

733 3273 1241 3361 interpunctione
1272 3282 1429 3338 ante
1467 3274 1746 3351 sublata,
1777 3273 1926 3341 dedi
1959 3276 2048 3350 ὡς
2084 3274 2231 3361 ἄρα,
2263 3286 2327 3341 et
2367 3297 2479 3361 pro
2521 3273 2754 3362 φράσαι
2783 3279 2862 3343 τό

733 3405 857 3457 κεν,
883 3375 1234 3464 φράσσαιτό
1263 3405 1384 3444 κεν.
1476 3376 1718 3441 Parum
1759 3386 1972 3441 tamen
2011 3376 2135 3464 ipsi
2177 3377 2334 3441 mihi
2377 3378 2516 3443 haec
2559 3379 2856 3464 placent:

734 3478 822 3553 ὡς
867 3481 953 3561 μή
993 3505 1108 3556 τις,
1152 3475 1303 3562 μηδὲ
1346 3482 1513 3546 θεῶν
1554 3477 1801 3558 ἄλλος;
1849 3478 1982 3557 sed,
2027 3488 2100 3543 ut
2141 3488 2317 3559 sunt,
2360 3480 2443 3545 ad
2490 3486 2590 3557 τὶς
2632 3480 2865 3546 intelli-

729 3577 1010 3664 gendum
1036 3578 1153 3643 erit
1184 3578 1548 3666 ἄνθρωπος.
1641 3579 1940 3646 Ceterum
1971 3581 2054 3647 de
2084 3581 2308 3668 mytho
2341 3580 2616 3669 Europae
2640 3599 2685 3645 a·
2705 3581 2864 3647 Jove

730 3681 1028 3745 abductae
1077 3681 1195 3746 hoc
1243 3682 1310 3745 in
1353 3683 1572 3769 primis
1625 3685 1928 3765 notabile,
1977 3686 2152 3773 quod
2204 3708 2241 3749 a
2286 3696 2474 3773 poeta
2524 3686 2860 3753 Phoenicis

730 3782 861 3846 fllia
887 3783 950 3846 in
975 3783 1349 3849 Thebanum
1378 3808 1608 3873 agrum
1631 3786 1994 3869 deducitur,
2019 3790 2194 3877 quod
2225 3790 2470 3855 solenni
2497 3799 2859 3857 ceterorum

728 3884 1074 3949 narrationi
1113 3908 1241 3951 non
1289 3911 1513 3975 parum
1556 3890 1950 3987 adversatur.
2043 3892 2186 3957 Non
2241 3893 2589 3980 ignobilem
2640 3903 2859 3959 tamen

728 3988 901 4051 hunc
934 3990 1232 4053 narrandi
1258 3992 1517 4055 modum
1548 3992 1770 4071 fuisse,
1803 3996 2014 4079 prodit
2047 3994 2330 4060 Pausan.
2427 3976 2639 4061 Boiot.
2667 4020 2724 4061 c.
2758 4000 2860 4076 19,

728 4110 819 4174 pr.
850 4088 1025 4153 hisce
1066 4091 1305 4157 verbis:
1350 4094 1498 4161 Ἐπὶ
1543 4100 1730 4183 ταύτῃ
1777 4101 1856 4183 τῇ
1898 4097 2204 4185 λεωφόρῳ
2252 4090 2494 4186 χὼρίον
2543 4104 2670 4166 ἐστὶ
2715 4110 2868 4167 Τευ-

725 4195 992 4276 μησσός·
1035 4197 1347 4281 Εὐρώπην
1378 4195 1440 4265 δὲ
1473 4200 1596 4265 ὑπὸ
1631 4202 1790 4275 Διὸς
1819 4205 2168 4286 κρυφθῆναι
2200 4207 2392 4288 φασὶν
2423 4205 2709 4269 ἐνταῦθα.
