<?xml version="1.0" encoding="UTF-8"?>
<!DOCTYPE html PUBLIC "-//W3C//DTD XHTML 1.0 Transitional//EN"
    "http://www.w3.org/TR/xhtml1/DTD/xhtml1-transitional.dtd">
<html xmlns="http://www.w3.org/1999/xhtml" xml:lang="en" lang="en">
 <head>
  <title>
</title>
<meta http-equiv="Content-Type" content="text/html;charset=utf-8" />
  <meta name='ocr-system' content='tesseract 3.04.00' />
  <meta name='ocr-capabilities' content='ocr_page ocr_carea ocr_par ocr_line ocrx_word'/>
</head>
<body>
  <div class='ocr_page' id='page_1' title='image "antimachicoloph00wolfgoog_0085.png"; bbox 0 0 3125 5009; ppageno 0'>
   <div class='ocr_carea' id='block_1_1' title="bbox 718 343 2209 415">
    <p class='ocr_par' dir='ltr' id='par_1_1' title="bbox 718 343 2209 415">
     <span class='ocr_line' id='line_1_1' title="bbox 718 343 2209 415; baseline -0.005 -4"><span class='ocrx_word' id='word_1_1' title='bbox 718 343 811 411; x_wconf 86' lang='lat'><strong>72</strong></span> <span class='ocrx_word' id='word_1_2' title='bbox 1118 356 1123 361; x_wconf 83' lang='grc'><em>“</em></span> <span class='ocrx_word' id='word_1_3' title='bbox 1331 361 1768 411; x_wconf 76' lang='grc' dir='ltr'>ΑΝΤιΜΑοΗῙ</span> <span class='ocrx_word' id='word_1_4' title='bbox 1810 357 2209 415; x_wconf 75' lang='lat' dir='ltr'><strong>RELIQUIAE.</strong></span> 
     </span>
    </p>
   </div>
   <div class='ocr_carea' id='block_1_2' title="bbox 710 501 2829 2128">
    <p class='ocr_par' dir='ltr' id='par_1_2' title="bbox 710 501 2829 2128">
     <span class='ocr_line' id='line_1_2' title="bbox 712 501 2823 598; baseline -0.004 -22"><span class='ocrx_word' id='word_1_5' title='bbox 712 514 991 589; x_wconf 84' lang='lat' dir='ltr'><strong>Achaia)</strong></span> <span class='ocrx_word' id='word_1_6' title='bbox 1023 510 1467 595; x_wconf 77' lang='grc' dir='ltr'>δυσμικωτᾶτη,</span> <span class='ocrx_word' id='word_1_7' title='bbox 1496 512 1604 598; x_wconf 74' lang='grc' dir='ltr'><strong>ἀφ’</strong></span> <span class='ocrx_word' id='word_1_8' title='bbox 1646 513 1720 576; x_wconf 82' lang='grc' dir='ltr'><strong>οὗ</strong></span> <span class='ocrx_word' id='word_1_9' title='bbox 1765 516 1862 575; x_wconf 77' lang='grc' dir='ltr'><strong>καὶ</strong></span> <span class='ocrx_word' id='word_1_10' title='bbox 1905 507 2204 591; x_wconf 80' lang='grc' dir='ltr'>τοῦνομα·</span> <span class='ocrx_word' id='word_1_11' title='bbox 2248 507 2560 591; x_wconf 79' lang='grc' dir='ltr'>πρότερον</span> <span class='ocrx_word' id='word_1_12' title='bbox 2603 501 2654 570; x_wconf 76' lang='grc' dir='ltr'><strong>δ’</strong></span> <span class='ocrx_word' id='word_1_13' title='bbox 2695 506 2823 568; x_wconf 80' lang='grc' dir='ltr'>ἐκα-</span> 
     </span>
     <span class='ocr_line' id='line_1_3' title="bbox 714 606 2824 702; baseline -0.005 -22"><span class='ocrx_word' id='word_1_14' title='bbox 714 614 885 681; x_wconf 80' lang='grc' dir='ltr'>λεῖτο</span> <span class='ocrx_word' id='word_1_15' title='bbox 936 617 1239 702; x_wconf 85' lang='grc' dir='ltr'>Στρατός·</span> <span class='ocrx_word' id='word_1_16' title='bbox 1302 612 1515 702; x_wconf 73' lang='grc' dir='ltr'>διαιρεῖ</span> <span class='ocrx_word' id='word_1_17' title='bbox 1561 612 1624 680; x_wconf 71' lang='grc' dir='ltr'><strong>δὲ</strong></span> <span class='ocrx_word' id='word_1_18' title='bbox 1668 615 1864 688; x_wconf 81' lang='grc' dir='ltr'>αὐτὴν</span> <span class='ocrx_word' id='word_1_19' title='bbox 1917 611 2043 677; x_wconf 79' lang='grc' dir='ltr'>α’πὸ</span> <span class='ocrx_word' id='word_1_20' title='bbox 2090 620 2202 686; x_wconf 81' lang='grc' dir='ltr'><strong>τῆς</strong></span> <span class='ocrx_word' id='word_1_21' title='bbox 2245 607 2504 682; x_wconf 70' lang='grc' dir='ltr'>Ἠλείας</span> <span class='ocrx_word' id='word_1_22' title='bbox 2556 606 2705 671; x_wconf 79' lang='grc' dir='ltr'>κατὰ</span> <span class='ocrx_word' id='word_1_23' title='bbox 2755 608 2824 669; x_wconf 88' lang='grc' dir='ltr'><strong>τὸ</strong></span> 
     </span>
     <span class='ocr_line' id='line_1_4' title="bbox 716 705 2821 804; baseline -0.004 -24"><span class='ocrx_word' id='word_1_24' title='bbox 716 715 1119 804; x_wconf 66' lang='lat' dir='ltr'><strong>Bova-paimei}</strong></span> <span class='ocrx_word' id='word_1_25' title='bbox 1150 720 1185 781; x_wconf 89' lang='grc' dir='ltr'>ὁ</span> <span class='ocrx_word' id='word_1_26' title='bbox 1220 714 1542 803; x_wconf 78' lang='grc' dir='ltr'>Λάρισσος</span> <span class='ocrx_word' id='word_1_27' title='bbox 1582 716 1865 797; x_wconf 83' lang='grc' dir='ltr'>ποταμὸς</span> <span class='ocrx_word' id='word_1_28' title='bbox 1904 712 2068 797; x_wconf 77' lang='grc' dir='ltr'>ῥέων</span> <span class='ocrx_word' id='word_1_29' title='bbox 2097 710 2164 785; x_wconf 72' lang='grc' dir='ltr'><strong>ἐξ</strong></span> <span class='ocrx_word' id='word_1_30' title='bbox 2203 713 2420 797; x_wconf 79' lang='grc' dir='ltr'>ὄρους·</span> <span class='ocrx_word' id='word_1_31' title='bbox 2463 715 2650 774; x_wconf 83' lang='grc' dir='ltr'>τοῦτο</span> <span class='ocrx_word' id='word_1_32' title='bbox 2680 705 2734 773; x_wconf 76' lang='grc' dir='ltr'><strong>δ’</strong></span> <span class='ocrx_word' id='word_1_33' title='bbox 2763 710 2821 772; x_wconf 80' lang='grc' dir='ltr'><strong>οἱ</strong></span> 
     </span>
     <span class='ocr_line' id='line_1_5' title="bbox 710 806 2822 902; baseline -0.004 -18"><span class='ocrx_word' id='word_1_34' title='bbox 710 824 825 901; x_wconf 73' lang='grc' dir='ltr'><strong>μὲν</strong></span> <span class='ocrx_word' id='word_1_35' title='bbox 861 818 1143 885; x_wconf 75' lang='grc' dir='ltr'>Σκύλλιν</span> <span class='ocrx_word' id='word_1_36' title='bbox 1173 818 1494 896; x_wconf 80' lang='grc' dir='ltr'>καλοῦσιν,</span> <span class='ocrx_word' id='word_1_37' title='bbox 1514 816 1803 902; x_wconf 75' lang='grc' dir='ltr'>’Όμηρος</span> <span class='ocrx_word' id='word_1_38' title='bbox 1840 812 1902 881; x_wconf 72' lang='grc' dir='ltr'><strong>δὲ</strong></span> <span class='ocrx_word' id='word_1_39' title='bbox 1944 819 2174 901; x_wconf 78' lang='grc' dir='ltr'>πέτρην</span> <span class='ocrx_word' id='word_1_40' title='bbox 2203 812 2524 889; x_wconf 76' lang='grc' dir='ltr'>Ὠλενίην.</span> <span class='ocrx_word' id='word_1_41' title='bbox 2613 818 2741 876; x_wconf 83' lang='grc' dir='ltr'><strong>Τοῦ</strong></span> <span class='ocrx_word' id='word_1_42' title='bbox 2773 806 2822 875; x_wconf 74' lang='grc' dir='ltr'><strong>δ’</strong></span> 
     </span>
     <span class='ocr_line' id='line_1_6' title="bbox 712 910 2824 1008; baseline -0.004 -22"><span class='ocrx_word' id='word_1_43' title='bbox 712 919 1102 1008; x_wconf 78' lang='grc' dir='ltr'>Ἀντιμάχου</span> <span class='ocrx_word' id='word_1_44' title='bbox 1136 916 1507 986; x_wconf 77' lang='grc' dir='ltr'>Καυκωνΐὸα</span> <span class='ocrx_word' id='word_1_45' title='bbox 1535 923 1653 997; x_wconf 84' lang='grc' dir='ltr'><strong>τὴν</strong></span> <span class='ocrx_word' id='word_1_46' title='bbox 1696 922 1917 1003; x_wconf 82' lang='grc' dir='ltr'>Δύμην</span> <span class='ocrx_word' id='word_1_47' title='bbox 1955 919 2266 994; x_wconf 76' lang='grc' dir='ltr'>εἰπόντος,</span> <span class='ocrx_word' id='word_1_48' title='bbox 2296 918 2356 980; x_wconf 82' lang='grc' dir='ltr'><strong>οἶ</strong></span> <span class='ocrx_word' id='word_1_49' title='bbox 2396 920 2510 999; x_wconf 76' lang='grc' dir='ltr'><strong>μὲν</strong></span> <span class='ocrx_word' id='word_1_50' title='bbox 2541 910 2824 988; x_wconf 74' lang='grc' dir='ltr'>ἐδέξαντο</span> 
     </span>
     <span class='ocr_line' id='line_1_7' title="bbox 712 1012 2824 1106; baseline -0.004 -18"><span class='ocrx_word' id='word_1_51' title='bbox 712 1021 841 1087; x_wconf 69' lang='grc' dir='ltr'>ἀπὸ</span> <span class='ocrx_word' id='word_1_52' title='bbox 891 1026 1021 1088; x_wconf 80' lang='grc' dir='ltr'><strong>τῶν</strong></span> <span class='ocrx_word' id='word_1_53' title='bbox 1076 1024 1432 1088; x_wconf 82' lang='grc' dir='ltr'>Καυκώνων</span> <span class='ocrx_word' id='word_1_54' title='bbox 1484 1024 1780 1095; x_wconf 64' lang='grc' dir='ltr'>ἐπιθέτως</span> <span class='ocrx_word' id='word_1_55' title='bbox 1833 1023 2124 1106; x_wconf 64' lang='grc' dir='ltr'><strong>ἀρεῖσθαι</strong></span> <span class='ocrx_word' id='word_1_56' title='bbox 2180 1018 2356 1097; x_wconf 83' lang='grc' dir='ltr'>αὐτὸ,</span> <span class='ocrx_word' id='word_1_57' title='bbox 2403 1020 2586 1104; x_wconf 79' lang='grc' dir='ltr'>μέχρι</span> <span class='ocrx_word' id='word_1_58' title='bbox 2645 1012 2824 1101; x_wconf 71' lang='grc' dir='ltr'>δεῦρο</span> 
     </span>
     <span class='ocr_line' id='line_1_8' title="bbox 714 1117 2826 1209; baseline -0.004 -18"><span class='ocrx_word' id='word_1_59' title='bbox 714 1127 1141 1205; x_wconf 63' lang='grc' dir='ltr'>καθηκόντων,</span> <span class='ocrx_word' id='word_1_60' title='bbox 1169 1121 1445 1209; x_wconf 64' lang='grc' dir='ltr'>καθάπερ</span> <span class='ocrx_word' id='word_1_61' title='bbox 1476 1120 1686 1189; x_wconf 79' lang='grc' dir='ltr'>ἐπάνω</span> <span class='ocrx_word' id='word_1_62' title='bbox 1715 1127 2117 1208; x_wconf 79' lang='grc' dir='ltr'>προείπομεν·</span> <span class='ocrx_word' id='word_1_63' title='bbox 2162 1123 2224 1186; x_wconf 81' lang='grc' dir='ltr'><strong>οἱ</strong></span> <span class='ocrx_word' id='word_1_64' title='bbox 2248 1117 2301 1186; x_wconf 74' lang='grc' dir='ltr'><strong>δ’</strong></span> <span class='ocrx_word' id='word_1_65' title='bbox 2330 1120 2456 1185; x_wconf 82' lang='grc' dir='ltr'>α’πὸ</span> <span class='ocrx_word' id='word_1_66' title='bbox 2485 1122 2826 1193; x_wconf 85' lang='grc' dir='ltr'>Καύκωνος</span> 
     </span>
     <span class='ocr_line' id='line_1_9' title="bbox 716 1215 2824 1311; baseline -0.002 -22"><span class='ocrx_word' id='word_1_67' title='bbox 716 1232 997 1310; x_wconf 81' lang='grc' dir='ltr'>ποταμοῦ</span> <span class='ocrx_word' id='word_1_68' title='bbox 1024 1252 1220 1302; x_wconf 85' lang='grc' dir='ltr'>τινος,</span> <span class='ocrx_word' id='word_1_69' title='bbox 1242 1226 1329 1301; x_wconf 87' lang='grc' dir='ltr'><strong>ὡς</strong></span> <span class='ocrx_word' id='word_1_70' title='bbox 1353 1228 1415 1290; x_wconf 80' lang='grc' dir='ltr'><strong>αἱ</strong></span> <span class='ocrx_word' id='word_1_71' title='bbox 1440 1222 1652 1311; x_wconf 81' lang='grc' dir='ltr'>Θῆβαι</span> <span class='ocrx_word' id='word_1_72' title='bbox 1678 1230 1962 1309; x_wconf 80' lang='grc' dir='ltr'>Διρκαῖαι</span> <span class='ocrx_word' id='word_1_73' title='bbox 1990 1228 2088 1288; x_wconf 79' lang='grc' dir='ltr'><strong>καὶ</strong></span> <span class='ocrx_word' id='word_1_74' title='bbox 2112 1217 2481 1299; x_wconf 76' lang='grc' dir='ltr'>Ἀσωπίὸες,</span> <span class='ocrx_word' id='word_1_75' title='bbox 2493 1218 2743 1307; x_wconf 75' lang='grc' dir='ltr'>’Ἄργος</span> <span class='ocrx_word' id='word_1_76' title='bbox 2773 1215 2824 1284; x_wconf 74' lang='grc' dir='ltr'><strong>δ’</strong></span> 
     </span>
     <span class='ocr_line' id='line_1_10' title="bbox 712 1321 2829 1414; baseline -0.003 -23"><span class='ocrx_word' id='word_1_77' title='bbox 712 1324 1048 1414; x_wconf 76' lang='grc' dir='ltr'>Ἰνάχειον,</span> <span class='ocrx_word' id='word_1_78' title='bbox 1078 1325 1275 1413; x_wconf 79' lang='grc' dir='ltr'>Τροΐα</span> <span class='ocrx_word' id='word_1_79' title='bbox 1318 1322 1383 1392; x_wconf 75' lang='grc' dir='ltr'><strong>δε</strong></span> <span class='ocrx_word' id='word_1_80' title='bbox 1417 1332 1772 1410; x_wconf 81' lang='grc' dir='ltr'>Σιμοῦντις.</span> <span class='ocrx_word' id='word_1_81' title='bbox 1862 1324 2068 1388; x_wconf 84' lang='lat' dir='ltr'>Locus</span> <span class='ocrx_word' id='word_1_82' title='bbox 2109 1324 2190 1388; x_wconf 89' lang='lat' dir='ltr'><strong>ad</strong></span> <span class='ocrx_word' id='word_1_83' title='bbox 2234 1345 2426 1410; x_wconf 87' lang='lat' dir='ltr'><strong>quem</strong></span> <span class='ocrx_word' id='word_1_84' title='bbox 2468 1321 2575 1386; x_wconf 84' lang='lat' dir='ltr'><strong>hic</strong></span> <span class='ocrx_word' id='word_1_85' title='bbox 2615 1321 2829 1385; x_wconf 84' lang='lat' dir='ltr'><strong>remit-</strong></span> 
     </span>
     <span class='ocr_line' id='line_1_11' title="bbox 712 1424 2828 1515; baseline -0.001 -26"><span class='ocrx_word' id='word_1_86' title='bbox 712 1426 891 1506; x_wconf 82' lang='lat' dir='ltr'><strong>titur,</strong></span> <span class='ocrx_word' id='word_1_87' title='bbox 920 1439 1017 1493; x_wconf 86' lang='lat' dir='ltr'><strong>est</strong></span> <span class='ocrx_word' id='word_1_88' title='bbox 1057 1428 1126 1492; x_wconf 92' lang='lat' dir='ltr'><strong>in</strong></span> <span class='ocrx_word' id='word_1_89' title='bbox 1167 1429 1306 1494; x_wconf 89' lang='lat' dir='ltr'><strong>eod.</strong></span> <span class='ocrx_word' id='word_1_90' title='bbox 1348 1428 1511 1492; x_wconf 85' lang='lat' dir='ltr'>libro</span> <span class='ocrx_word' id='word_1_91' title='bbox 1549 1451 1612 1515; x_wconf 90' lang='lat' dir='ltr'><strong>p.</strong></span> <span class='ocrx_word' id='word_1_92' title='bbox 1643 1428 1791 1492; x_wconf 87' lang='grc'><strong>345.</strong></span> <span class='ocrx_word' id='word_1_93' title='bbox 1824 1426 1935 1492; x_wconf 91' lang='lat' dir='ltr'><strong>ubi</strong></span> <span class='ocrx_word' id='word_1_94' title='bbox 1967 1425 2391 1513; x_wconf 82' lang='lat' dir='ltr'><strong>Geographus</strong></span> <span class='ocrx_word' id='word_1_95' title='bbox 2431 1424 2640 1504; x_wconf 82' lang='lat' dir='ltr'>refert,</span> <span class='ocrx_word' id='word_1_96' title='bbox 2667 1446 2828 1488; x_wconf 88' lang='lat' dir='ltr'><strong>non-</strong></span> 
     </span>
     <span class='ocr_line' id='line_1_12' title="bbox 716 1527 2828 1617; baseline -0 -26"><span class='ocrx_word' id='word_1_97' title='bbox 716 1529 929 1594; x_wconf 81' lang='lat' dir='ltr'><strong>nullos</strong></span> <span class='ocrx_word' id='word_1_98' title='bbox 980 1530 1341 1595; x_wconf 85' lang='lat' dir='ltr'><strong>universam</strong></span> <span class='ocrx_word' id='word_1_99' title='bbox 1391 1530 1736 1617; x_wconf 84' lang='lat' dir='ltr'>regionem,</span> <span class='ocrx_word' id='word_1_100' title='bbox 1791 1530 1993 1594; x_wconf 82' lang='lat' dir='ltr'><strong>serius</strong></span> <span class='ocrx_word' id='word_1_101' title='bbox 2047 1528 2271 1593; x_wconf 91' lang='lat' dir='ltr'><strong>Eleam</strong></span> <span class='ocrx_word' id='word_1_102' title='bbox 2321 1527 2734 1615; x_wconf 82' lang='lat' dir='ltr'><strong>appellatam,</strong></span> <span class='ocrx_word' id='word_1_103' title='bbox 2787 1547 2828 1590; x_wconf 91' lang='lat' dir='ltr'><strong>a</strong></span> 
     </span>
     <span class='ocr_line' id='line_1_13' title="bbox 717 1628 2825 1721; baseline 0 -28"><span class='ocrx_word' id='word_1_104' title='bbox 717 1628 1043 1697; x_wconf 84' lang='lat' dir='ltr'><strong>Messenia</strong></span> <span class='ocrx_word' id='word_1_105' title='bbox 1080 1654 1289 1721; x_wconf 81' lang='lat' dir='ltr'><strong>usque</strong></span> <span class='ocrx_word' id='word_1_106' title='bbox 1324 1632 1406 1697; x_wconf 89' lang='lat' dir='ltr'><strong>ad</strong></span> <span class='ocrx_word' id='word_1_107' title='bbox 1450 1632 1752 1720; x_wconf 89' lang='lat' dir='ltr'><strong>Dymam,</strong></span> <span class='ocrx_word' id='word_1_108' title='bbox 1791 1630 2175 1698; x_wconf 81' lang='lat' dir='ltr'><strong>Cauconiam</strong></span> <span class='ocrx_word' id='word_1_109' title='bbox 2217 1630 2547 1717; x_wconf 89' lang='lat' dir='ltr'><strong>quondam</strong></span> <span class='ocrx_word' id='word_1_110' title='bbox 2583 1629 2825 1695; x_wconf 85' lang='lat' dir='ltr'><strong>dictam</strong></span> 
     </span>
     <span class='ocr_line' id='line_1_14' title="bbox 714 1731 2828 1824; baseline -0.001 -27"><span class='ocrx_word' id='word_1_111' title='bbox 714 1733 1095 1819; x_wconf 78' lang='lat' dir='ltr'>prodidisse,</span> <span class='ocrx_word' id='word_1_112' title='bbox 1135 1734 1359 1824; x_wconf 87' lang='lat' dir='ltr'><strong>itaque</strong></span> <span class='ocrx_word' id='word_1_113' title='bbox 1396 1734 1857 1802; x_wconf 85' lang='lat' dir='ltr'><strong>Antimachum</strong></span> <span class='ocrx_word' id='word_1_114' title='bbox 1900 1733 2141 1799; x_wconf 81' lang='lat' dir='ltr'><strong>incolas</strong></span> <span class='ocrx_word' id='word_1_115' title='bbox 2184 1733 2476 1797; x_wconf 80' lang='lat' dir='ltr'><strong>universe</strong></span> <span class='ocrx_word' id='word_1_116' title='bbox 2517 1731 2729 1819; x_wconf 78' lang='lat' dir='ltr'>Epeos</span> <span class='ocrx_word' id='word_1_117' title='bbox 2760 1742 2828 1797; x_wconf 88' lang='lat' dir='ltr'><strong>et</strong></span> 
     </span>
     <span class='ocr_line' id='line_1_15' title="bbox 714 1834 2826 1922; baseline 0.001 -23"><span class='ocrx_word' id='word_1_118' title='bbox 714 1834 1055 1901; x_wconf 82' lang='lat' dir='ltr'><strong>Caucones</strong></span> <span class='ocrx_word' id='word_1_119' title='bbox 1084 1836 1471 1902; x_wconf 63' lang='lat' dir='ltr'><strong>nominasse.</strong></span> <span class='ocrx_word' id='word_1_120' title='bbox 1541 1836 1642 1901; x_wconf 85' lang='lat' dir='ltr'><strong>Cf.</strong></span> <span class='ocrx_word' id='word_1_121' title='bbox 1675 1836 1871 1901; x_wconf 90' lang='lat' dir='ltr'><strong>eund.</strong></span> <span class='ocrx_word' id='word_1_122' title='bbox 1907 1858 1969 1922; x_wconf 88' lang='lat' dir='ltr'><strong>p.</strong></span> <span class='ocrx_word' id='word_1_123' title='bbox 1998 1835 2146 1899; x_wconf 87' lang='lat'><strong>342.</strong></span> <span class='ocrx_word' id='word_1_124' title='bbox 2179 1834 2293 1899; x_wconf 86' lang='lat' dir='ltr'><strong>ubi</strong></span> <span class='ocrx_word' id='word_1_125' title='bbox 2323 1834 2552 1899; x_wconf 83' lang='lat' dir='ltr'><strong>verba:</strong></span> <span class='ocrx_word' id='word_1_126' title='bbox 2605 1839 2826 1921; x_wconf 85' lang='grc' dir='ltr'>Δύμης</span> 
     </span>
     <span class='ocr_line' id='line_1_16' title="bbox 712 1936 2823 2026; baseline 0.001 -25"><span class='ocrx_word' id='word_1_127' title='bbox 712 1938 842 2002; x_wconf 78' lang='grc' dir='ltr'>ὑπό</span> <span class='ocrx_word' id='word_1_128' title='bbox 866 1965 1057 2004; x_wconf 85' lang='grc' dir='ltr'>τινων</span> <span class='ocrx_word' id='word_1_129' title='bbox 1083 1936 1488 2016; x_wconf 76' lang='grc' dir='ltr'>Καυκωνίὸος</span> <span class='ocrx_word' id='word_1_130' title='bbox 1504 1938 1853 2026; x_wconf 75' lang='grc' dir='ltr'>λεγομένης</span> <span class='ocrx_word' id='word_1_131' title='bbox 1870 1958 1997 2001; x_wconf 87' lang='lat' dir='ltr'><strong>non</strong></span> <span class='ocrx_word' id='word_1_132' title='bbox 2016 1936 2232 2001; x_wconf 83' lang='lat' dir='ltr'><strong>minus</strong></span> <span class='ocrx_word' id='word_1_133' title='bbox 2255 1937 2336 2001; x_wconf 89' lang='lat' dir='ltr'><strong>ad</strong></span> <span class='ocrx_word' id='word_1_134' title='bbox 2362 1937 2823 2003; x_wconf 84' lang='lat' dir='ltr'><strong>Antimachum</strong></span> 
     </span>
     <span class='ocr_line' id='line_1_17' title="bbox 712 2036 2826 2128; baseline 0.002 -29"><span class='ocrx_word' id='word_1_135' title='bbox 712 2036 1011 2103; x_wconf 84' lang='lat' dir='ltr'><strong>videntur</strong></span> <span class='ocrx_word' id='word_1_136' title='bbox 1046 2040 1380 2125; x_wconf 83' lang='lat' dir='ltr'><strong>pertinere.</strong></span> <span class='ocrx_word' id='word_1_137' title='bbox 1472 2041 1672 2104; x_wconf 88' lang='lat' dir='ltr'>Porro</span> <span class='ocrx_word' id='word_1_138' title='bbox 1715 2038 1939 2128; x_wconf 88' lang='lat' dir='ltr'><strong>Steph.</strong></span> <span class='ocrx_word' id='word_1_139' title='bbox 1980 2038 2140 2126; x_wconf 84' lang='lat' dir='ltr'><strong>Byz.</strong></span> <span class='ocrx_word' id='word_1_140' title='bbox 2171 2039 2235 2102; x_wconf 90' lang='lat' dir='ltr'><strong>in</strong></span> <span class='ocrx_word' id='word_1_141' title='bbox 2269 2038 2527 2126; x_wconf 82' lang='lat' dir='ltr'><strong>Fragm.</strong></span> <span class='ocrx_word' id='word_1_142' title='bbox 2561 2038 2826 2127; x_wconf 81' lang='lat' dir='ltr'><strong>Seguer.</strong></span> 
     </span>
    </p>
   </div>
   <div class='ocr_carea' id='block_1_3' title="bbox 713 2140 2827 2230">
    <p class='ocr_par' dir='ltr' id='par_1_3' title="bbox 713 2140 2827 2230">
     <span class='ocr_line' id='line_1_18' title="bbox 713 2140 2827 2230; baseline 0.003 -27"><span class='ocrx_word' id='word_1_143' title='bbox 713 2162 775 2203; x_wconf 77' lang='lat' dir='ltr'><strong>v.</strong></span> <span class='ocrx_word' id='word_1_144' title='bbox 811 2144 1011 2226; x_wconf 88' lang='grc' dir='ltr'>Δύμη.</span> <span class='ocrx_word' id='word_1_145' title='bbox 1102 2143 1491 2230; x_wconf 74' lang='grc' dir='ltr'>Ἀντίμαχος</span> <span class='ocrx_word' id='word_1_146' title='bbox 1533 2140 1598 2210; x_wconf 74' lang='grc' dir='ltr'><strong>δὲ</strong></span> <span class='ocrx_word' id='word_1_147' title='bbox 1631 2140 2001 2210; x_wconf 77' lang='grc' dir='ltr'>Καυκωνίὸα</span> <span class='ocrx_word' id='word_1_148' title='bbox 2041 2147 2233 2229; x_wconf 84' lang='grc' dir='ltr'>φησὶν</span> <span class='ocrx_word' id='word_1_149' title='bbox 2264 2142 2459 2219; x_wconf 78' lang='grc' dir='ltr'>αὐτὴν</span> <span class='ocrx_word' id='word_1_150' title='bbox 2486 2142 2614 2209; x_wconf 86' lang='grc' dir='ltr'>α’πὸ</span> <span class='ocrx_word' id='word_1_151' title='bbox 2659 2148 2827 2209; x_wconf 83' lang='grc' dir='ltr'>Καύ-</span> 
     </span>
    </p>
   </div>
   <div class='ocr_carea' id='block_1_4' title="bbox 714 2241 2937 2331">
    <p class='ocr_par' dir='ltr' id='par_1_4' title="bbox 714 2241 2937 2331">
     <span class='ocr_line' id='line_1_19' title="bbox 714 2241 2937 2331; baseline 0.001 -23"><span class='ocrx_word' id='word_1_152' title='bbox 714 2270 920 2319; x_wconf 85' lang='grc' dir='ltr'>κωνος</span> <span class='ocrx_word' id='word_1_153' title='bbox 959 2250 1264 2329; x_wconf 79' lang='grc' dir='ltr'>ποταμοῦ,</span> <span class='ocrx_word' id='word_1_154' title='bbox 1296 2248 1383 2321; x_wconf 85' lang='grc' dir='ltr'><strong>ὡς</strong></span> <span class='ocrx_word' id='word_1_155' title='bbox 1427 2250 1727 2331; x_wconf 79' lang='grc' dir='ltr'>Διρκαίας</span> <span class='ocrx_word' id='word_1_156' title='bbox 1765 2246 1882 2320; x_wconf 80' lang='grc' dir='ltr'><strong>τὰς</strong></span> <span class='ocrx_word' id='word_1_157' title='bbox 1924 2242 2174 2331; x_wconf 82' lang='grc' dir='ltr'>Θήβας,</span> <span class='ocrx_word' id='word_1_158' title='bbox 2206 2244 2353 2310; x_wconf 76' lang='grc' dir='ltr'>ἔνιοι</span> <span class='ocrx_word' id='word_1_159' title='bbox 2395 2241 2459 2311; x_wconf 74' lang='grc' dir='ltr'><strong>δὲ</strong></span> <span class='ocrx_word' id='word_1_160' title='bbox 2497 2250 2595 2311; x_wconf 83' lang='grc' dir='ltr'><strong>καὶ</strong></span> <span class='ocrx_word' id='word_1_161' title='bbox 2625 2245 2827 2311; x_wconf 88' lang='grc' dir='ltr'>Ἀσω-</span> <span class='ocrx_word' id='word_1_162' title='bbox 2926 2312 2937 2322; x_wconf 77' lang='grc'>,</span> 
     </span>
    </p>
   </div>
   <div class='ocr_carea' id='block_1_5' title="bbox 706 2342 2827 3353">
    <p class='ocr_par' dir='ltr' id='par_1_5' title="bbox 706 2342 2827 3353">
     <span class='ocr_line' id='line_1_20' title="bbox 713 2342 2827 2433; baseline 0.002 -25"><span class='ocrx_word' id='word_1_163' title='bbox 713 2342 904 2420; x_wconf 76' lang='grc' dir='ltr'><strong>πίὃας</strong></span> <span class='ocrx_word' id='word_1_164' title='bbox 944 2344 1225 2425; x_wconf 84' lang='lat' dir='ltr'><strong>(Ultima</strong></span> <span class='ocrx_word' id='word_1_165' title='bbox 1264 2346 1490 2433; x_wconf 83' lang='lat' dir='ltr'>scripsi</span> <span class='ocrx_word' id='word_1_166' title='bbox 1522 2368 1602 2411; x_wconf 87' lang='lat' dir='ltr'><strong>ex</strong></span> <span class='ocrx_word' id='word_1_167' title='bbox 1644 2348 1894 2411; x_wconf 88' lang='lat' dir='ltr'><strong>emend.</strong></span> <span class='ocrx_word' id='word_1_168' title='bbox 1926 2345 2217 2426; x_wconf 87' lang='lat' dir='ltr'><strong>Berkel.)</strong></span> <span class='ocrx_word' id='word_1_169' title='bbox 2309 2345 2518 2420; x_wconf 91' lang='lat' dir='ltr'><strong>Quem</strong></span> <span class='ocrx_word' id='word_1_170' title='bbox 2547 2347 2760 2411; x_wconf 91' lang='lat' dir='ltr'><strong>locum</strong></span> <span class='ocrx_word' id='word_1_171' title='bbox 2789 2370 2827 2412; x_wconf 90' lang='lat' dir='ltr'>e</span> 
     </span>
     <span class='ocr_line' id='line_1_21' title="bbox 712 2442 2824 2527; baseline 0.004 -20"><span class='ocrx_word' id='word_1_172' title='bbox 712 2442 922 2511; x_wconf 88' lang='lat' dir='ltr'><strong>Strab.</strong></span> <span class='ocrx_word' id='word_1_173' title='bbox 982 2446 1264 2527; x_wconf 81' lang='lat' dir='ltr'><strong>fluxisse,</strong></span> <span class='ocrx_word' id='word_1_174' title='bbox 1324 2448 1540 2513; x_wconf 88' lang='lat' dir='ltr'><strong>statim</strong></span> <span class='ocrx_word' id='word_1_175' title='bbox 1612 2449 2094 2514; x_wconf 59' lang='lat' dir='ltr'><strong>animadverte&amp;</strong></span> <span class='ocrx_word' id='word_1_176' title='bbox 2210 2449 2491 2515; x_wconf 81' lang='lat' dir='ltr'><strong>Profecit</strong></span> <span class='ocrx_word' id='word_1_177' title='bbox 2545 2449 2694 2515; x_wconf 87' lang='lat' dir='ltr'><strong>inde</strong></span> <span class='ocrx_word' id='word_1_178' title='bbox 2754 2459 2824 2515; x_wconf 88' lang='lat' dir='ltr'><strong>et</strong></span> 
     </span>
     <span class='ocr_line' id='line_1_22' title="bbox 714 2544 2825 2639; baseline 0.004 -30"><span class='ocrx_word' id='word_1_179' title='bbox 714 2544 1016 2613; x_wconf 86' lang='lat' dir='ltr'><strong>Eustath.</strong></span> <span class='ocrx_word' id='word_1_180' title='bbox 1078 2550 1159 2615; x_wconf 91' lang='lat' dir='ltr'><strong>ad</strong></span> <span class='ocrx_word' id='word_1_181' title='bbox 1222 2549 1300 2615; x_wconf 91' lang='lat' dir='ltr'><strong>ll.</strong></span> <span class='ocrx_word' id='word_1_182' title='bbox 1363 2574 1429 2638; x_wconf 91' lang='lat' dir='ltr'><strong>p.</strong></span> <span class='ocrx_word' id='word_1_183' title='bbox 1488 2551 1638 2615; x_wconf 83' lang='lat'><strong>228.</strong></span> <span class='ocrx_word' id='word_1_184' title='bbox 1694 2550 1849 2615; x_wconf 85' lang='lat' dir='ltr'><strong>Bas.</strong></span> <span class='ocrx_word' id='word_1_185' title='bbox 1942 2552 2047 2617; x_wconf 93' lang='lat' dir='ltr'><strong>De</strong></span> <span class='ocrx_word' id='word_1_186' title='bbox 2105 2551 2360 2639; x_wconf 85' lang='lat' dir='ltr'><strong>Dymis,</strong></span> <span class='ocrx_word' id='word_1_187' title='bbox 2417 2573 2496 2617; x_wconf 83' lang='lat' dir='ltr'><strong>ex</strong></span> <span class='ocrx_word' id='word_1_188' title='bbox 2554 2551 2825 2618; x_wconf 81' lang='lat' dir='ltr'><strong>historia</strong></span> 
     </span>
     <span class='ocr_line' id='line_1_23' title="bbox 712 2648 2814 2741; baseline 0.005 -30"><span class='ocrx_word' id='word_1_189' title='bbox 712 2648 1095 2715; x_wconf 86' lang='lat' dir='ltr'><strong>Achaeorum</strong></span> <span class='ocrx_word' id='word_1_190' title='bbox 1118 2652 1454 2717; x_wconf 82' lang='lat' dir='ltr'><strong>notissima</strong></span> <span class='ocrx_word' id='word_1_191' title='bbox 1484 2653 1662 2733; x_wconf 85' lang='lat' dir='ltr'><strong>urbe,</strong></span> <span class='ocrx_word' id='word_1_192' title='bbox 1695 2676 1755 2718; x_wconf 88' lang='lat' dir='ltr'><strong>v.</strong></span> <span class='ocrx_word' id='word_1_193' title='bbox 1788 2652 2020 2741; x_wconf 89' lang='lat' dir='ltr'>Polyb.</span> <span class='ocrx_word' id='word_1_194' title='bbox 2053 2652 2148 2733; x_wconf 91' lang='lat' dir='ltr'><strong>II,</strong></span> <span class='ocrx_word' id='word_1_195' title='bbox 2176 2654 2281 2718; x_wconf 88' lang='grc'><strong>41.</strong></span> <span class='ocrx_word' id='word_1_196' title='bbox 2339 2654 2618 2719; x_wconf 88' lang='lat' dir='ltr'><strong>Pausan.</strong></span> <span class='ocrx_word' id='word_1_197' title='bbox 2650 2654 2814 2721; x_wconf 90' lang='lat' dir='ltr'><strong>Ach.</strong></span> 
     </span>
     <span class='ocr_line' id='line_1_24' title="bbox 708 2751 2824 2843; baseline 0.004 -30"><span class='ocrx_word' id='word_1_198' title='bbox 708 2770 765 2814; x_wconf 91' lang='lat' dir='ltr'><strong>c.</strong></span> <span class='ocrx_word' id='word_1_199' title='bbox 821 2751 931 2815; x_wconf 64' lang='lat'><strong>18.</strong></span> <span class='ocrx_word' id='word_1_200' title='bbox 961 2761 1025 2817; x_wconf 87' lang='lat' dir='ltr'><strong>et</strong></span> <span class='ocrx_word' id='word_1_201' title='bbox 1080 2752 1295 2818; x_wconf 84' lang='lat' dir='ltr'><strong>Livius</strong></span> <span class='ocrx_word' id='word_1_202' title='bbox 1347 2754 1771 2843; x_wconf 84' lang='lat' dir='ltr'><strong>passim,.qui</strong></span> <span class='ocrx_word' id='word_1_203' title='bbox 1820 2756 1913 2820; x_wconf 86' lang='lat' dir='ltr'><strong>sic</strong></span> <span class='ocrx_word' id='word_1_204' title='bbox 1963 2755 2293 2842; x_wconf 80' lang='lat' dir='ltr'><strong>pluraliter</strong></span> <span class='ocrx_word' id='word_1_205' title='bbox 2339 2778 2568 2822; x_wconf 88' lang='lat' dir='ltr'><strong>nomen</strong></span> <span class='ocrx_word' id='word_1_206' title='bbox 2620 2756 2824 2835; x_wconf 84' lang='lat' dir='ltr'><strong>effert,</strong></span> 
     </span>
     <span class='ocr_line' id='line_1_25' title="bbox 710 2851 2816 2947; baseline 0.006 -33"><span class='ocrx_word' id='word_1_207' title='bbox 710 2851 1081 2939; x_wconf 84' lang='lat' dir='ltr'><strong>Apollodori</strong></span> <span class='ocrx_word' id='word_1_208' title='bbox 1127 2858 1418 2944; x_wconf 91' lang='lat' dir='ltr'><strong>exemplo</strong></span> <span class='ocrx_word' id='word_1_209' title='bbox 1456 2879 1556 2944; x_wconf 85' lang='lat' dir='ltr'><strong>ap.</strong></span> <span class='ocrx_word' id='word_1_210' title='bbox 1603 2854 1824 2944; x_wconf 89' lang='lat' dir='ltr'><strong>Steph.</strong></span> <span class='ocrx_word' id='word_1_211' title='bbox 1863 2857 1904 2921; x_wconf 91' lang='lat' dir='ltr'><strong>l.</strong></span> <span class='ocrx_word' id='word_1_212' title='bbox 1937 2877 1996 2921; x_wconf 89' lang='lat' dir='ltr'><strong>c.</strong></span> <span class='ocrx_word' id='word_1_213' title='bbox 2090 2856 2569 2945; x_wconf 86' lang='lat' dir='ltr'><strong>Fragmentum,</strong></span> <span class='ocrx_word' id='word_1_214' title='bbox 2601 2862 2816 2947; x_wconf 86' lang='lat' dir='ltr'><strong>quoad</strong></span> 
     </span>
     <span class='ocr_line' id='line_1_26' title="bbox 709 2957 2816 3052; baseline 0.006 -36"><span class='ocrx_word' id='word_1_215' title='bbox 709 2975 865 3035; x_wconf 89' lang='lat' dir='ltr'><strong>rem,</strong></span> <span class='ocrx_word' id='word_1_216' title='bbox 922 2978 1024 3021; x_wconf 88' lang='lat' dir='ltr'><strong>me</strong></span> <span class='ocrx_word' id='word_1_217' title='bbox 1080 2978 1307 3043; x_wconf 84' lang='lat' dir='ltr'><strong>parum</strong></span> <span class='ocrx_word' id='word_1_218' title='bbox 1364 2957 1721 3045; x_wconf 83' lang='lat' dir='ltr'><strong>intelligere</strong></span> <span class='ocrx_word' id='word_1_219' title='bbox 1779 2958 2000 3041; x_wconf 86' lang='lat' dir='ltr'><strong>fateor,</strong></span> <span class='ocrx_word' id='word_1_220' title='bbox 2060 2981 2176 3024; x_wconf 86' lang='lat' dir='ltr'><strong>nec</strong></span> <span class='ocrx_word' id='word_1_221' title='bbox 2233 2961 2567 3048; x_wconf 80' lang='lat' dir='ltr'>perspiciO,</span> <span class='ocrx_word' id='word_1_222' title='bbox 2620 2986 2816 3052; x_wconf 89' lang='lat' dir='ltr'><strong>quam</strong></span> 
     </span>
     <span class='ocr_line' id='line_1_27' title="bbox 712 3055 2818 3148; baseline 0.005 -29"><span class='ocrx_word' id='word_1_223' title='bbox 712 3055 969 3140; x_wconf 87' lang='lat' dir='ltr'><strong>Dymaei</strong></span> <span class='ocrx_word' id='word_1_224' title='bbox 1017 3059 1152 3145; x_wconf 86' lang='lat' dir='ltr'><strong>agri</strong></span> <span class='ocrx_word' id='word_1_225' title='bbox 1198 3060 1618 3125; x_wconf 81' lang='lat' dir='ltr'><strong>vastationem</strong></span> <span class='ocrx_word' id='word_1_226' title='bbox 1665 3060 1875 3126; x_wconf 87' lang='lat' dir='ltr'>dicere</span> <span class='ocrx_word' id='word_1_227' title='bbox 1922 3062 2218 3148; x_wconf 86' lang='lat' dir='ltr'><strong>potuerit.</strong></span> <span class='ocrx_word' id='word_1_228' title='bbox 2307 3062 2385 3127; x_wconf 92' lang='lat' dir='ltr'><strong>In</strong></span> <span class='ocrx_word' id='word_1_229' title='bbox 2416 3062 2624 3130; x_wconf 87' lang='lat' dir='ltr'><strong>Statio</strong></span> <span class='ocrx_word' id='word_1_230' title='bbox 2657 3066 2818 3130; x_wconf 88' lang='lat' dir='ltr'><strong>nihil</strong></span> 
     </span>
     <span class='ocr_line' id='line_1_28' title="bbox 708 3158 2815 3258; baseline 0.007 -37"><span class='ocrx_word' id='word_1_231' title='bbox 708 3158 834 3222; x_wconf 86' lang='lat' dir='ltr'><strong>tale</strong></span> <span class='ocrx_word' id='word_1_232' title='bbox 879 3160 1028 3247; x_wconf 87' lang='lat' dir='ltr'><strong>legi,</strong></span> <span class='ocrx_word' id='word_1_233' title='bbox 1060 3160 1172 3249; x_wconf 89' lang='lat' dir='ltr'><strong>qui</strong></span> <span class='ocrx_word' id='word_1_234' title='bbox 1214 3160 1372 3226; x_wconf 85' lang='lat' dir='ltr'><strong>alias</strong></span> <span class='ocrx_word' id='word_1_235' title='bbox 1414 3162 1675 3250; x_wconf 89' lang='lat' dir='ltr'><strong>Dymen</strong></span> <span class='ocrx_word' id='word_1_236' title='bbox 1723 3172 1936 3227; x_wconf 88' lang='lat' dir='ltr'><strong>narrat</strong></span> <span class='ocrx_word' id='word_1_237' title='bbox 1979 3164 2196 3252; x_wconf 83' lang='lat' dir='ltr'><strong>copias</strong></span> <span class='ocrx_word' id='word_1_238' title='bbox 2220 3166 2497 3258; x_wconf 41' lang='lat' dir='ltr'><strong>,bellicas</strong></span> <span class='ocrx_word' id='word_1_239' title='bbox 2543 3168 2815 3249; x_wconf 85' lang='lat' dir='ltr'>dedisse,</span> 
     </span>
     <span class='ocr_line' id='line_1_29' title="bbox 706 3260 2290 3353; baseline 0.006 -30"><span class='ocrx_word' id='word_1_240' title='bbox 706 3282 853 3346; x_wconf 87' lang='lat' dir='ltr'><strong>quae</strong></span> <span class='ocrx_word' id='word_1_241' title='bbox 886 3260 1469 3350; x_wconf 89' lang='lat' dir='ltr'><strong>Hippomedoutem</strong></span> <span class='ocrx_word' id='word_1_242' title='bbox 1492 3268 1961 3353; x_wconf 61' lang='lat' dir='ltr'><strong>sequebantur,</strong></span> <span class='ocrx_word' id='word_1_243' title='bbox 1994 3266 2110 3346; x_wconf 92' lang='lat' dir='ltr'><strong>lV,</strong></span> <span class='ocrx_word' id='word_1_244' title='bbox 2147 3269 2290 3332; x_wconf 84' lang='lat'><strong>124.</strong></span> 
     </span>
    </p>
   </div>
   <div class='ocr_carea' id='block_1_6' title="bbox 1654 3574 1878 3642">
    <p class='ocr_par' dir='ltr' id='par_1_6' title="bbox 1654 3574 1878 3642">
     <span class='ocr_line' id='line_1_30' title="bbox 1654 3574 1878 3642; baseline 0.022 -5"><span class='ocrx_word' id='word_1_245' title='bbox 1654 3574 1878 3642; x_wconf 82' lang='lat' dir='ltr'>XVII.</span> 
     </span>
    </p>
   </div>
   <div class='ocr_carea' id='block_1_7' title="bbox 810 3756 2697 3985">
    <p class='ocr_par' dir='ltr' id='par_1_7' title="bbox 810 3756 2697 3985">
     <span class='ocr_line' id='line_1_31' title="bbox 814 3756 2697 3877; baseline 0.007 -40"><span class='ocrx_word' id='word_1_246' title='bbox 814 3758 925 3837; x_wconf 88' lang='grc' dir='ltr'><strong>Ἐν</strong></span> <span class='ocrx_word' id='word_1_247' title='bbox 965 3756 1035 3840; x_wconf 63' lang='grc' dir='ltr'><strong>δέ</strong></span> <span class='ocrx_word' id='word_1_248' title='bbox 1072 3796 1157 3840; x_wconf 79' lang='grc' dir='ltr'><strong>συ</strong></span> <span class='ocrx_word' id='word_1_249' title='bbox 1199 3776 1373 3841; x_wconf 76' lang='grc' dir='ltr'>τοῖο-ι</span> <span class='ocrx_word' id='word_1_250' title='bbox 1409 3758 1621 3870; x_wconf 65' lang='grc' dir='ltr'><strong>μάλα</strong></span> <span class='ocrx_word' id='word_1_251' title='bbox 1659 3760 1954 3867; x_wconf 68' lang='grc' dir='ltr'>πρόφρων</span> <span class='ocrx_word' id='word_1_252' title='bbox 1994 3764 2345 3871; x_wconf 72' lang='grc' dir='ltr'>ἐπίκουρος</span> <span class='ocrx_word' id='word_1_253' title='bbox 2381 3767 2697 3877; x_wconf 70' lang='grc' dir='ltr'><strong>οἷμορβῶν</strong></span> 
     </span>
     <span class='ocr_line' id='line_1_32' title="bbox 810 3870 2358 3985; baseline 0.005 -35"><span class='ocrx_word' id='word_1_254' title='bbox 810 3871 1249 3979; x_wconf 75' lang='grc' dir='ltr'>Ὠμίλησ-ας,</span> <span class='ocrx_word' id='word_1_255' title='bbox 1292 3875 1377 3964; x_wconf 77' lang='grc' dir='ltr'><strong>ὦς</strong></span> <span class='ocrx_word' id='word_1_256' title='bbox 1414 3870 1820 3979; x_wconf 63' lang='grc' dir='ltr'>διεπέρα-ατε</span> <span class='ocrx_word' id='word_1_257' title='bbox 1863 3874 2114 3985; x_wconf 82' lang='grc' dir='ltr'>Δύμιον</span> <span class='ocrx_word' id='word_1_258' title='bbox 2152 3875 2358 3958; x_wconf 71' lang='grc' dir='ltr'>ἄστυ.</span> 
     </span>
    </p>
   </div>
   <div class='ocr_carea' id='block_1_8' title="bbox 698 4075 2808 4276">
    <p class='ocr_par' dir='ltr' id='par_1_8' title="bbox 698 4075 2808 4276">
     <span class='ocr_line' id='line_1_33' title="bbox 700 4075 2808 4170; baseline 0.007 -31"><span class='ocrx_word' id='word_1_259' title='bbox 700 4075 1227 4140; x_wconf 52' lang='lat' dir='ltr'><strong>Pamisum-um</strong></span> <span class='ocrx_word' id='word_1_260' title='bbox 1282 4100 1315 4141; x_wconf 93' lang='lat' dir='ltr'>e</span> <span class='ocrx_word' id='word_1_261' title='bbox 1361 4079 1474 4144; x_wconf 91' lang='lat' dir='ltr'><strong>lib.</strong></span> <span class='ocrx_word' id='word_1_262' title='bbox 1525 4079 1611 4143; x_wconf 88' lang='lat' dir='ltr'><strong>V.</strong></span> <span class='ocrx_word' id='word_1_263' title='bbox 1665 4078 1863 4145; x_wconf 90' lang='lat' dir='ltr'><strong>Theb.</strong></span> <span class='ocrx_word' id='word_1_264' title='bbox 1916 4084 2188 4170; x_wconf 89' lang='lat' dir='ltr'><strong>petitum</strong></span> <span class='ocrx_word' id='word_1_265' title='bbox 2247 4082 2555 4151; x_wconf 89' lang='lat' dir='ltr'><strong>debemus</strong></span> <span class='ocrx_word' id='word_1_266' title='bbox 2600 4087 2808 4153; x_wconf 89' lang='lat' dir='ltr'>eidem</span> 
     </span>
     <span class='ocr_line' id='line_1_34' title="bbox 698 4176 2806 4276; baseline 0.007 -35"><span class='ocrx_word' id='word_1_267' title='bbox 698 4176 1027 4264; x_wconf 87' lang='lat' dir='ltr'><strong>Stephano</strong></span> <span class='ocrx_word' id='word_1_268' title='bbox 1052 4203 1114 4242; x_wconf 84' lang='lat' dir='ltr'><strong>v.</strong></span> <span class='ocrx_word' id='word_1_269' title='bbox 1146 4183 1348 4265; x_wconf 82' lang='grc' dir='ltr'>Δύμη,</span> <span class='ocrx_word' id='word_1_270' title='bbox 1383 4181 1494 4245; x_wconf 83' lang='lat' dir='ltr'><strong>sed</strong></span> <span class='ocrx_word' id='word_1_271' title='bbox 1536 4181 1737 4246; x_wconf 88' lang='lat' dir='ltr'><strong>altero</strong></span> <span class='ocrx_word' id='word_1_272' title='bbox 1776 4204 1958 4249; x_wconf 79' lang='lat' dir='ltr'><strong>versu</strong></span> <span class='ocrx_word' id='word_1_273' title='bbox 1999 4184 2089 4251; x_wconf 92' lang='lat' dir='ltr'><strong>ibi</strong></span> <span class='ocrx_word' id='word_1_274' title='bbox 2128 4188 2432 4274; x_wconf 79' lang='lat' dir='ltr'><strong>vulgatur</strong></span> <span class='ocrx_word' id='word_1_275' title='bbox 2473 4190 2806 4276; x_wconf 80' lang='grc' dir='ltr'>ὡμιλήσαε.</span> 
     </span>
    </p>
   </div>
  </div>
 </body>
</html>
