3125 5009
724 324 820 393 44
1326 340 1773 396 ANTnuAcm
1814 344 2219 401 itisLiQmAE.

725 493 998 581 antiqui,
1031 516 1106 558 ea
1149 494 1301 557 vitia
1339 495 1569 559 virtute
1610 516 1737 559 non
1780 517 1908 557 una
1948 493 2251 559 redimere
2292 489 2537 556 debuit.
2628 489 2821 553 Certe

725 596 792 659 id
824 606 888 660 et
918 596 1494 661 Alexandrinorum
1524 596 1891 662 criticorum
1915 596 2237 683 judicium
2268 594 2498 673 innuit,
2528 602 2593 657 et
2621 592 2822 668 admi-

727 694 888 758 ratio
930 694 1316 781 assiduaque
1354 694 1568 775 lecti0,
1615 716 1746 781 qua
1794 706 2017 781 postea
2070 715 2330 781 quoque
2373 691 2625 774 dignari
2677 712 2823 755 eum

726 819 853 861 non
899 796 1248 862 desierunt.
1340 797 1445 861 Ita
1499 798 1733 885 legitur
1783 820 2053 884 magnus
2102 798 2245 883 ejus
2300 795 2581 859 imitator
2629 793 2827 857 fuisse

731 899 1078 978 Nicander,
1111 899 1281 963 unde
1311 899 1417 963 hic
1445 900 1640 963 etiam
1672 900 1886 986 plures
1919 899 2190 964 Doricas
2220 898 2457 963 formas
2491 896 2821 962 traxerit.*
2854 904 2859 909 '

730 1000 818 1064 At
877 1001 1035 1089 quid
1097 1001 1447 1065 audimus?
1520 1002 1981 1067 Antimachum
2039 1002 2105 1066 in
2153 1000 2543 1066 carminibus
2592 998 2827 1063 Dorica

729 1103 1004 1168 dialecto
1035 1104 1272 1168 usum?
1322 1103 1454 1167 Vix
1485 1104 1608 1169 hoc
1638 1104 1895 1192 aliquiS,
1926 1104 2175 1169 etiamsi
2206 1102 2614 1181 ScholiasteS,
2635 1123 2824 1188 quem

731 1206 1082 1294 sequimur,
1113 1205 1344 1271 diserte
1383 1207 1579 1288 dicat,
1609 1229 1723 1294 pro
1758 1228 1902 1271 vero
1935 1206 2235 1271 credulus
2274 1204 2611 1292 acceperit.
2698 1202 2824 1269 Sed

731 1331 860 1371 non
891 1330 1031 1373 eam
1072 1317 1354 1373 mentem
1395 1309 1719 1395 scriptoris
1761 1330 1901 1374 esse
1938 1308 2226 1387 arbitror,
2257 1308 2373 1397 qui
2420 1307 2583 1371 nihil
2622 1306 2826 1395 magis

731 1410 939 1489 docet,
987 1432 1183 1497 quam
1233 1411 1468 1475 formas
1517 1411 1790 1475 Doricas
1845 1411 2016 1498 apud
2070 1411 2526 1475 Antimachum
2572 1410 2829 1496 saepiuS,

731 1534 926 1598 quam
985 1512 1158 1598 apud
1219 1513 1376 1577 alios
1434 1513 1722 1577 heroicos
1779 1522 2021 1600 poetas,
2078 1513 2445 1578 occurrisse.
2568 1513 2657 1579 Et
2711 1513 2832 1577 hoc

732 1615 942 1698 ipsum
975 1614 1223 1700 aliquot
1253 1636 1477 1679 versus
1503 1615 1571 1678 in
1597 1615 1887 1702 reliquiis
1916 1615 2321 1696 confirmant,
2345 1617 2399 1681 si
2431 1615 2827 1681 librariorum

733 1714 926 1778 fidem
958 1715 1021 1785 in
1053 1716 1290 1781 talibus
1331 1716 1516 1804 sequi
1564 1717 1782 1795 licet.†
1888 1715 2175 1781 Fuerunt
2220 1739 2472 1806 nempe,
2503 1719 2671 1783 sicut
2712 1720 2830 1782 lin-

732 1840 880 1903 guae
915 1818 1162 1882 Graecae
1195 1819 1528 1898 universae,
1559 1819 1651 1882 ita
1673 1818 1931 1883 dialecti
1961 1820 2301 1908 cujusque,
2330 1842 2458 1884 non
2490 1844 2739 1909 semper
2764 1831 2829 1886 et

735 1919 976 2006 ubique
1016 1943 1144 1984 una
1190 1930 1385 2007 atque
1426 1930 1733 2007 perpetua
1778 1921 2001 2001 forma,
2045 1944 2176 2009 qua
2223 1924 2451 1988 Graece
2494 1924 2827 2012 loquentes

729 2019 1208 2108 scribentesque
1252 2022 1347 2086 uti
1393 2022 1753 2086 debuerint.
1848 2024 2056 2088 Immo
2098 2024 2311 2111 potius
2352 2025 2570 2112 plures
2617 2027 2680 2089 in
2702 2026 2829 2101 *his

730 2122 1116 2186 mutationes
1147 2133 1427 2209 tempore
1457 2125 1646 2189 factae
1678 2135 1848 2205 sunt,
1883 2136 1954 2190 ut
1992 2126 2135 2213 ipsa
2176 2148 2273 2191 res
2315 2136 2381 2193 et
2416 2128 2578 2193 ratio
2618 2130 2825 2194 docet.

729 2223 851 2287 etsi
882 2245 998 2288 nos
1029 2211 1310 2311 quidem,
1341 2226 1405 2290 in
1439 2236 1620 2291 tanto
1652 2237 2213 2293 monumentorum
2236 2229 2591 2317 naufragio,
2622 2254 2829 2317 pauca

731 2324 837 2388 hic
877 2326 958 2388 ad
1001 2326 1324 2412 liquidum
1364 2329 1710 2413 perducere
1751 2331 2088 2416 possimus.
2183 2332 2303 2409 Ita,
2335 2335 2449 2420 qui
2501 2345 2645 2421 post
2694 2336 2830 2401 Ho-

728 2448 972 2491 merum
1011 2440 1321 2494 venerunt
1365 2441 1572 2517 poetae
1618 2432 1803 2518 epici,
1834 2455 2230 2523 quamquam
2281 2436 2344 2498 in
2398 2437 2689 2524 plurimis
2732 2440 2830 2503 usi

731 2552 858 2593 non
891 2531 1017 2594 alia
1046 2532 1340 2612 dialecto,
1373 2556 1570 2620 quam
1601 2534 1818 2599 Ionica
1848 2536 2066 2616 veteri,
2096 2560 2230 2624 qua
2263 2536 2521 2603 Homeri
2552 2542 2834 2607 carmina

727 2632 960 2719 scripta
993 2644 1165 2713 sunt,
1187 2634 1334 2699 hinc
1367 2637 1761 2707 indetamen
1790 2638 2086 2703 videntur
2107 2640 2189 2704 ab
2215 2640 2335 2704 hac
2352 2663 2576 2705 norma
2606 2643 2831 2709 leviter

727 2736 1098 2816 recessisse3
1161 2739 1332 2824 quod
1376 2748 1442 2802 et
1483 2739 1666 2803 aliter
1706 2741 1841 2805 fieri
1879 2763 2005 2805 non
2050 2753 2313 2829 poterat,
2344 2769 2547 2833 quum
2594 2750 2831 2815 scribe-

727 2847 890 2917 rent,
923 2848 996 2901 ut
1028 2839 1528 2927 intelligerentur
1559 2842 1641 2905 ab
1674 2843 2054 2929 aequalibus,
2148 2845 2433 2912 Pertinet
2456 2848 2586 2915 huc
2612 2852 2827 2933 etiam,

727 2941 903 3026 quod
955 2940 1303 3006 Homerum
1358 2952 1422 3008 et
1467 2944 1681 3029 ipsum
1737 2945 1992 3010 Doricis
2042 2947 2262 3012 formis
2314 2951 2587 3017 subinde
2637 2978 2825 3020 usum

727 3041 1146 3108 Grammatici
1189 3044 1339 3109 olim
1378 3056 1757 3111 statuerunt.
1849 3034 1974 3113 Sed
2024 3050 2167 3115 illos
2212 3052 2333 3117 hoc
2370 3054 2529 3120 forte
2572 3057 2825 3139 fefellit,

723 3145 920 3228 quod,
964 3132 1111 3232 quae
1142 3147 1488 3233 antiquiori
1521 3171 1656 3213 aevo
1686 3151 1977 3237 pluribus
2017 3156 2380 3219 communia
2414 3158 2710 3240 fuissent,
2750 3185 2827 3227 ea

725 3246 927 3310 serius
973 3248 1079 3312 uni
1133 3249 1389 3315 Doricae
1437 3252 1714 3318 dialecto
1765 3256 2021 3341 propria
2070 3257 2397 3324 videbant.
2492 3261 2826 3331 Postremo

723 3410 2827 3443 Ἣ

803 3504 833 3534 *
877 3500 1074 3561 Schol.
1111 3503 1362 3563 Nicand.
1390 3507 1558 3565 Ther.
1592 3508 1873 3571 3.”Εστιν
1896 3517 1925 3572 ὁ
1956 3516 2258 3594 Νίκανδρος
2288 3520 2825 3605 ζηλωὲὴςἈντ-ιμά-

719 3612 844 3671 χου·
879 3592 1065 3673 &cdvi-ep
1092 3602 1327 3664 πολλοῖς
1355 3604 1522 3659 αὐτοῦ
1549 3606 1829 3681 κέχρηται.
1916 3608 2023 3669 Διὸ
2054 3613 2140 3667 καὶ
2178 3610 2239 3669 ἓν
2267 3613 2434 3680 ἐνίοις
2464 3620 2719 3694 Δωρίζει,
2749 3628 2825 3689 ὡς

719 3695 804 3743 καὶ
834 3695 934 3744 νῦν
955 3689 1016 3747 ἐν
1037 3693 1111 3767 τῷ
1131 3700 1310 3748 παῶν*
1335 3703 1492 3762 πηῶν
1521 3696 1635 3773 γάρ
1662 3697 1800 3766 ἔστι,
1830 3699 1863 3755 ὅ
1900 3700 2013 3758 ἔστι
2059 3714 2373 3777 συγγενῶν.
2460 3707 2524 3765 Si
2564 3709 2825 3787 pluribus

719 3775 889 3852 igitur
922 3778 1250 3839 Antimachi
1279 3784 1574 3842 vocabulis
1606 3786 1902 3847 Nicander
1929 3811 2068 3850 usus
2093 3803 2200 3865 est,
2231 3796 2576 3872 mirandum,
2612 3803 2668 3861 id
2700 3824 2819 3864 non

713 3867 930 3945 saepius
971 3869 1024 3927 in
1068 3872 1298 3932 scholiis
1343 3877 1577 3937 moneri.
1665 3881 1819 3938 Nam
1862 3885 2036 3943 semel
2079 3898 2305 3947 tantum
2357 3891 2691 3966 factum,--v.
2741 3899 2817 3958 ad

716 3960 810 4018 Fr.
838 3961 986 4021 LIV.
1021 3963 1192 4023 Forte
1219 3974 1278 4023 et
1305 3967 1396 4026 hic
1428 3970 1662 4029 meliora
1682 3975 1978 4046 sciremus,
2000 3978 2045 4035 si
2072 3980 2478 4059 antiquiorum,
2505 3989 2603 4064 qui
2630 3990 2823 4068 plures

715 4054 964 4125 fuerunt,
997 4055 1054 4112 in
1091 4056 1447 4118 Nicandrum
1480 4063 1697 4124 scholia
1730 4068 2089 4130 haberemus,

796 4154 829 4213 †
878 4145 950 4205 V.
985 4147 1075 4206 Fr.
1108 4148 1211 4206 111.
1237 4150 1310 4211 V.
1343 4154 1566 4213 XVIII.
