3125 5009
689 344 735 405 ρ
804 338 1268 390 FRAGMENTA
1315 340 1656 393 monstras
1690 342 1924 393 smne.
2286 322 2420 393 105

302 479 512 595 potuit
562 482 757 549 etiam
803 508 941 553 esse
985 510 1281 555 enarrare
1304 514 1323 553 .·
1371 491 1638 556 alterurn
1694 501 1906 558 tamen
1962 491 2223 557 Luciani
2275 512 2418 579 pro-

300 591 509 667 posito
536 586 742 673 magis
771 598 1017 677 aptum.
1114 590 1303 667 Quod
1342 592 1648 659 Nicandri
1675 592 1889 661 Schol.
1919 594 2197 681 denique
2224 593 2418 659 habet

298 680 401 750 ἀν’
434 685 699 765 ὑλήεντα
739 686 860 770 διὰ,
898 692 1194 758 vitiosum
1235 704 1352 775 est,
1392 707 1457 761 et
1500 696 1804 762 memoria
1843 697 2058 762 forsan
2099 695 2298 761 traxit
2335 718 2414 761 ex

305 782 496 852 Hom.
527 790 651 855 Od.
686 791 745 867 ξ.
780 792 1393 885 2.-SCH.—Lege
1426 820 1553 863 una
1587 820 1737 863 voce
1768 796 2326 885 ὃιᾴπλοον.-Β[,.

1278 1160 1447 1227 LVI.

718 1365 1069 1485 Δήμητρός
1112 1406 1211 1449 τοι
1252 1369 1659 1467 Ἐλευσινίης
1699 1370 1828 1488 ingr»)
1867 1368 1986 1475 δ’ᾦ.

300 1598 583 1669 STRABO
616 1602 808 1670 VIII.
842 1629 904 1694 p.
936 1606 1085 1671 364.
1119 1607 1333 1688 (560.)
1404 1606 1613 1676 ’Έυιοι
1644 1612 1794 1677 κατὰ
1828 1610 2160 1689 ἀποκοπὴν
2192 1610 2413 1700 δέχον-

298 1734 394 1771 ται
426 1707 573 1783 (τὴν
608 1708 867 1785 Μέσσην
906 1706 1096 1773 Hom.
1137 1708 1209 1774 ΙΙ.
1241 1707 1319 1797 β.
1352 1710 1528 1785 682.)
1607 1715 1970 1789 Μεσσήνην·
2023 1710 2252 1798 εἴρηται
2281 1714 2407 1799 γὰρ

298 1810 393 1873 ὅτι
422 1814 520 1874 καὶ
552 1810 707 1887 αὐτὴ
735 1812 927 1896 μέρος
956 1814 1034 1889 ἦν
1056 1819 1168 1888 τῆς
1194 1820 1572 1890 Λακωνικῆς·
1619 1810 2074 1899 παραδείγμασι
2105 1810 2166 1881 δὲ
2201 1817 2413 1901 χρῶν-

296 1936 394 1975 ται
422 1916 534 1976 τοῦ
561 1916 675 1997 μὲν
704 1916 987 1993 ποιητοῦ,
1018 1916 1107 1999 τῷ
1136 1922 1236 2000 κρῖ
1265 1920 1361 1981 καὶ
1394 1912 1483 1981 δῶ
1511 1918 1610 1982 καὶ
1638 1916 1796 2000 μάψ.
1861 1920 1981 1981 Καὶ
2012 1914 2117 1993 ἔτι,
2136 1912 2410 1991 Ἵππους

300 2009 357 2080 δ’
404 2008 781 2097 Αὐτομέδων
824 2018 887 2080 τὲ
938 2020 1035 2080 καὶ
1064 2012 1399 2100 ”Αλκιμος,
1438 2013 1579 2083 ἆντὶ
1624 2022 1736 2083 τοῦ
1783 2011 2169 2095 Ἀλκιμεὸων
2215 2013 2325 2094 (Il.
2355 2042 2409 2079 r.

296 2110 444 2175 392.
487 2110 569 2176 ef.
604 2140 671 2177 ω.
702 2113 881 2192 474.)
923 2111 1226 2183 Ἡσιόδου
1270 2114 1356 2197 δὲ,
1398 2118 1492 2183 ὅτι
1528 2119 1602 2183 τὸ
1643 2114 1840 2204 βριθὺ
1881 2120 1979 2181 καὶ
2021 2116 2094 2181 τὸ
2129 2111 2410 2201 βριαρὸν

294 2210 416 2301 βρῒ
444 2212 629 2301 λέγει.
694 2214 1032 2301 Σοφοκλῆς
1062 2213 1125 2284 δὲ
1156 2223 1252 2284 καὶ
1274 2216 1427 2284 Ἴων
1452 2218 1525 2285 τὸ
1553 2214 1804 2307 ῥᾴδιον,
1835 2215 1940 2303 {34¹⁶-
2003 2216 2407 2304 Ἐπίχαρμος

299 2311 361 2382 δὲ
392 2317 465 2382 τὸ
507 2314 676 2397 λίαν,
707 2315 796 2383 λί·
844 2320 1106 2405 Συρακὼ
1144 2315 1207 2386 δὲ
1237 2321 1353 2395 τὰς
1389 2322 1819 2406 Συρακούσας.
1915 2316 2073 2403 Παρ’
2107 2312 2414 2401 Ἐμπεδο-

303 2416 437 2483 κλεῖ
466 2414 528 2483 δὲ

835 2566 924 2581 -
951 2537 1059 2617 μία
1089 2538 1322 2619 γίνεται
1353 2535 1724 2621 ἀμφοτέρων
1754 2535 1866 2618 ὄψ,

303 2710 341 2785 ἡ
374 2710 542 2794 ὄψις·
587 2714 683 2777 καὶ
712 2709 854 2795 παρ’
890 2710 1272 2798 Ἀντιμάχῳ·
1320 2710 1858 2798 Δημήτρος-ὅψ,
1885 2714 1982 2777 καὶ
2012 2709 2085 2776 τὸ
2116 2707 2406 2794 ἄλφιτον,

306 2810 481 2899 ἄλφι.
530 2808 739 2875 Locus
763 2810 865 2875 hic
889 2810 1195 2877 classicus
1219 2820 1316 2876 est
1338 2811 1418 2877 de
1444 2810 1812 2898 hujusmodi
1839 2808 2410 2897 amputationibus,

306 2934 499 3001 quem
528 2912 895 3000 compilavit
928 2911 1229 2978 Eustath.
1262 2912 1339 2977 ad
1379 2911 1453 2977 ΙΙ.
1487 2933 1548 3000 p.
1582 2912 1728 2978 223.
1822 2911 1972 2976 Bas·
2006 2908 2245 2975 Similis
2277 2932 2412 2975 arn-

308 3013 563 3103 putatio
591 3014 762 3102 apud
799 3014 1083 3095 Latinos,
1113 3024 1187 3079 ut
1216 3036 1301 3105 po
1340 3036 1454 3103 pro
1483 3016 1745 3103 populo,
1780 3036 1840 3078 v.
1875 3011 2136 3078 Festum
2169 3033 2231 3099 p.
2260 3014 2408 3077 364.

305 3118 405 3184 ed.
434 3114 709 3183 Gottofr.
744 3114 1030 3205 Hesych.
1074 3119 1187 3203 ὄψ,
1230 3119 1399 3204 ὄψις,
1442 3114 1798 3205 ὀφθαλμός·
1850 3116 1888 3194 ἢ
1931 3118 2130 3202 φωνή.
2222 3113 2410 3180 Cete-

308 3240 470 3300 rum,
502 3219 675 3307 quod
724 3216 953 3284 Strabo
998 3219 1188 3285 etiam
1233 3218 1388 3307 ἄλφι
1432 3238 1543 3305 pro
1585 3218 1856 3305 ἄλφιτον
1893 3240 1930 3284 e
1964 3224 2152 3304 poeta
2189 3224 2410 3281 nostro

306 3319 593 3399 adducit,
648 3330 1006 3407 opportune
1065 3318 1598 3407 deprehendimus
1666 3319 2030 3405 exemplum
2091 3316 2154 3381 in
2212 3316 2410 3383 hocce

310 3444 530 3487 versu:
577 3425 645 3490 ἐν
692 3418 749 3489 δ’
798 3418 1080 3510 ιἰὃόροισι
1133 3426 1297 3510 χέειν
1342 3421 1635 3489 ἐνίλατον
1681 3418 2410 3508 ἄλφι.-8οΗ.-Ι.θςθ

311 3524 709 3604 Ἐλευσίνης,
739 3522 1053 3609 adjective
1095 3524 1263 3587 enim
1311 3522 1631 3589 interdum
1673 3522 2005 3587 dicebatur
2044 3522 2414 3598 Ἐλεΰσινος

310 3648 428 3715 pro
468 3624 885 3701 Ἐλευσίνιος.
976 3623 1403 3711 Epicharmus
1449 3646 1551 3713 ap.
1599 3624 1832 3690 Athen.
1881 3620 2008 3703 lx,
2051 3644 2110 3709 p.
2151 3624 2300 3700 374,
2335 3620 2410 3687 E.

312 3727 610 3815 Δέλφακίι
640 3754 703 3793 τε
734 3731 861 3793 τῶν
883 3728 1187 3814 γειτόνων
1217 3734 1371 3803 Τοῖς
1405 3727 1800 3802 Ἐλευσίνοις
1822 3724 2174 3812 φυλάσσων
2205 3720 2418 3807 δαιμο-

314 3836 467 3909 νίως
498 3828 817 3898 ἀπώλεσα.
912 3826 1128 3915 Etym.
1164 3828 1262 3893 M.
1294 3852 1356 3917 p.
1389 3830 1538 3907 265,
1569 3829 1608 3893 3
1648 3827 1812 3893 male
1847 3824 2106 3891 exhibet
2134 3825 2418 3892 Ἐλευσι-

314 3938 497 4014 νίοις,
528 3930 691 3997 male
722 3930 913 3997 etiarn
944 3934 1061 4009 τὴν
1090 3952 1203 4019 pro
1230 3935 1401 4011 τῶνς
1444 3928 1676 3995 melius
1703 3950 1853 3995 vero
1881 3932 2170 4014 γείτονας
2222 3926 2414 4005 unde,

315 4034 369 4099 si
425 4034 715 4099 ultimam
766 4032 1037 4100 litteram
1087 4032 1377 4097 bifariam
1429 4030 1701 4110 dividas,
1741 4028 2054 4096 efficietur
2105 4032 2418 4115 γείτονος,

318 4157 461 4201 vera
492 4158 565 4199 ac
599 4136 843 4201 sincera
869 4134 1101 4201 lectio:
1152 4133 1355 4199 scribe
1392 4140 1601 4198 autem
1640 4136 1728 4219 τῷ
1759 4135 2068 4219 γείτονος.
2159 4127 2420 4193 Eratos-

1361 4256 1405 4311 Q
