3125 5009
689 304 786 372 28
1301 312 1746 365 ANTuuAcffl
1789 308 2191 364 RELIQUIAE.

692 478 766 535 ut
820 467 1260 555 LysimachuS,
1308 465 1420 553 qui
1470 461 1769 528 historias
1815 458 2155 522 Thebanas
2190 452 2469 542 pedestri
2516 470 2805 517 sermone

695 569 1024 656 collegitf*
1058 567 1504 632 Aristodemus
1531 562 1902 637 ThebanuS,
1933 558 2327 644 Timagoras,
2358 554 2643 641 LycuS,†
2673 548 2807 613 alii.

700 672 931 759 Neque
1001 677 1450 757 argumentum
1517 665 1683 729 inter
1750 662 2079 725 Romanos
2139 655 2352 745 jacuit
2420 653 2807 739 neglectum.

699 772 960 858 Quippe
997 771 1136 858 jam
1185 768 1520 855 Augusteo
1568 788 1705 830 aevo
1757 762 2069 827 Ponticus
2122 758 2305 847 epico
2346 776 2533 820 versu
2570 750 2811 816 bellum

698 873 1080 937 Thebanum
1148 878 1585 957 persequutus
1644 875 1764 945 est,
1826 864 2015 949 cujus
2074 882 2239 948 opus
2294 866 2433 922 tota
2484 849 2814 918 Thebaide

705 974 895 1039 Statii
947 974 1255 1038 redimere
1301 993 1428 1034 non
1478 968 1819 1033 dubitabat
1868 962 2381 1040 Brouckhusius,
2414 951 2819 1045 quandoqui-

708 1077 857 1141 dem
881 1097 960 1140 ex
989 1075 1097 1137 illa
1121 1094 1317 1138 aurea
1346 1078 1538 1135 aetate
1557 1088 1824 1156 poeseos
1844 1068 1993 1154 jure
2010 1062 2277 1128 sanioris
2302 1059 2535 1125 coloris
2565 1075 2819 1120 carmen

707 1175 1186 1263 exspectabat.‡
1277 1172 1469 1237 Nunc
1516 1172 1638 1236 hoc
1681 1170 1927 1234 Catone
1958 1175 2292 1232 contentos
2322 1186 2440 1227 nos
2476 1182 2617 1227 esse
2661 1157 2816 1220 For-

713 1289 872 1341 tuna
891 1276 1104 1364 jubet.
1198 1276 1512 1340 Videmus
1542 1281 1759 1338 autem
1789 1293 1868 1335 ex
1896 1271 2021 1351 his,
2056 1267 2265 1333 Statio
2294 1263 2575 1330 adfuisse
2607 1261 2821 1348 plures

712 1388 1024 1457 auctores,
1072 1399 1346 1466 quorum
1387 1374 1658 1461 vestigia
1707 1394 2010 1459 premere,
2060 1390 2353 1459 quosque
2400 1376 2466 1431 et
2518 1365 2583 1427 in
2632 1362 2823 1426 rebus

715 1481 987 1566 antiqua
1011 1480 1183 1543 fama
1214 1477 1489 1554 traditis,
1515 1476 1583 1540 in
1611 1476 1821 1563 iisque
1843 1472 2198 1540 tractandis
2220 1481 2415 1559 atque
2438 1464 2826 1533 exornandis

714 1582 895 1669 sequi
942 1581 1240 1667 potuerit.
1329 1580 1546 1666 Atque
1581 1577 1642 1642 id
1686 1579 1769 1642 ab
1805 1600 1881 1643 eo
1920 1576 2166 1641 factum
2206 1595 2366 1651 esse,
2404 1593 2553 1636 cum
2599 1590 2713 1655 per
2757 1586 2826 1629 se

714 1682 1014 1747 credibile
1060 1682 1154 1760 fit,
1200 1689 1339 1745 tum
1384 1680 1599 1768 plures
1645 1680 1785 1765 ejus
1837 1676 2227 1742 narrationes
2281 1672 2581 1761 produnt,
2636 1688 2825 1756 quaS,

719 1982 891 2043 tollit.
993 1983 1214 2041 Tamen
1245 1983 1585 2059 Antagorae,
1621 1992 1920 2060 tamquam
1954 1980 2244 2059 scriptoris
2278 1976 2627 2048 Thebaidos,
2663 1995 2828 2034 men-

722 2075 805 2133 tio
834 2074 1084 2133 occurrit
1116 2075 1172 2131 in
1205 2074 1348 2133 Not.
1382 2073 1456 2133 ad
1488 2074 1741 2152 Diogen.
1774 2073 2085 2132 Proverbb.
2118 2092 2177 2150 p.
2203 2075 2339 2131 202.
2366 2071 2464 2129 ubi
2494 2078 2728 2129 narrant
2756 2087 2830 2126 ex

726 2164 1049 2243 Apostoli0,
1083 2168 1462 2244 Antagoram‚
1501 2186 1635 2225 cum
1671 2165 1876 2223 librum
1904 2164 2217 2223 Thebaidis
2261 2162 2476 2222 Boeotis
2514 2160 2833 2232 recitasset,

726 2258 1047 2336 frigideque
1084 2266 1237 2316 esset
1263 2258 1528 2325 auditus3
1581 2260 1790 2329 Boum,
1820 2256 2051 2327 dixisse,
2080 2276 2251 2316 aures
2281 2256 2545 2315 habetis:
2593 2261 2835 2321 Δικαίως

727 2349 988 2410 καλεῖσθε
1015 2356 1262 2413 Βοιωτοί·
1294 2349 1449 2427 βοῶν
1481 2356 1594 2429 γὰρ
1621 2346 1733 2409 ὦτα
1756 2350 1931 2429 ἔχετε.
1994 2348 2264 2407 Narratio
2285 2368 2375 2407 me
2394 2346 2641 2406 advertit
2662 2365 2835 2425 prop-

726 2451 814 2501 ter
843 2439 1282 2500 similitudinem
1314 2441 1484 2513 illius,
1515 2460 1691 2518 quam
1722 2440 1927 2499 Cicero
1956 2440 2030 2498 de
2050 2452 2239 2499 nostro
2261 2440 2458 2500 habet.
2548 2438 2669 2499 Sed
2694 2438 2837 2498 nihil

727 2532 869 2593 certi
901 2532 1034 2591 inde
1062 2533 1316 2602 extrico;
1364 2552 1548 2610 neque
1582 2532 1912 2611 Apostolius
1941 2532 2015 2591 ad
2047 2552 2282 2591 manum
2310 2542 2417 2592 est.

809 2626 841 2659 *
884 2624 1345 2684 Alexandrinum
1385 2625 1543 2683 hunc
1588 2635 1755 2683 vocat
1792 2624 1992 2683 Schol.
2036 2624 2215 2703 Soph.
2250 2624 2327 2684 O.
2363 2623 2434 2683 C.
2473 2626 2571 2683 92.
2604 2645 2661 2703 p.
2698 2628 2840 2684 274.

732 2716 937 2794 steph.
993 2716 1091 2774 ubi
1139 2736 1212 2775 ex
1257 2716 1402 2774 libro
1450 2717 1601 2775 XIII
1658 2717 1959 2792 Θηβαῖκῶν
2011 2716 2375 2776 luculentum
2420 2716 2834 2795 fragmentum,

731 2829 903 2887 super
948 2808 1256 2887 OEdipodis
1297 2808 1594 2887 sepultura
1640 2809 1993 2887 adscriptum
2041 2808 2267 2887 legitur.
2378 2808 2644 2867 Eundem
2692 2820 2838 2887 puto

732 2920 860 2959 esse
889 2902 1249 2979 scriptorem,
1278 2901 1448 2979 cujus
1490 2906 1692 2961 Νόστοι
1720 2900 2032 2959 laudantur
2060 2901 2295 2978 passim,
2341 2901 2497 2961 unde
2534 2902 2837 2982 conjicias,

732 3003 791 3051 et
818 2992 930 3051 hoo
951 3013 1097 3071 opus
1126 2992 1449 3071 prosaicum
1482 2992 1677 3061 fuisse,
1707 3012 1740 3050 e
1770 3003 2023 3051 veterum
2053 2992 2232 3065 libris,
2264 3012 2419 3053 more
2449 2994 2566 3054 fere
2596 2995 2836 3074 Apollo-

735 3083 861 3141 dori
913 3084 971 3141 in
1016 3084 1398 3156 Bibliotheca,
1456 3093 1818 3162 congestum.
1907 3086 1999 3143 De
2054 3085 2361 3146 Thebaicis
2418 3087 2744 3167 Lysimachi
2792 3108 2844 3148 v.

738 3175 1022 3235 Valcken.
1057 3176 1132 3234 ad
1163 3176 1366 3234 Phoen.
1394 3196 1452 3254 p.
1485 3179 1623 3234 603.

822 3278 860 3339 †
906 3268 996 3327 De
1047 3267 1134 3326 his
1177 3288 1229 3324 v.
1273 3267 1556 3326 Valcken.
1596 3268 1671 3327 ad
1703 3269 1906 3327 Pboen.
1934 3290 1991 3347 p.
2025 3273 2161 3329 686.
2191 3274 2326 3331 732.
2408 3272 2498 3331 lll.
2532 3274 2723 3353 Heyn.
2762 3273 2841 3333 ad

739 3359 1009 3437 Apollod.
1045 3380 1101 3437 p.
1134 3363 1273 3418 550.
1304 3370 1363 3419 et
1389 3359 1463 3418 de
1501 3360 1657 3439 Lyco
1686 3360 1885 3419 Schol.
1925 3361 2189 3434 Hesiodi,
2224 3374 2483 3443 excerpt.
2526 3385 2563 3425 a
2599 3366 2840 3437 Wolfio,

741 3453 1105 3529 praeceptore
1152 3471 1447 3527 nunquam
1493 3451 1633 3510 satis
1669 3451 1967 3511 laudando
2003 3454 2059 3511 in
2098 3456 2237 3514 Not.
2276 3455 2351 3514 ad
2384 3457 2604 3536 Theog.
2646 3480 2704 3537 p.
2737 3462 2838 3519 97.

741 3545 962 3601 Praeter
999 3543 1104 3601 hos
1134 3542 1366 3601 affertur
1392 3562 1427 3601 a
1454 3543 1638 3602 Suida
1663 3549 1694 3604 ὁ
1722 3550 1843 3624 περὶ
1874 3556 1983 3606 τῶν
2013 3547 2223 3622 Θηβῶν
2262 3552 2539 3619 συντάξας
2565 3551 2635 3610 Τ.
2670 3553 2744 3611 11.
2776 3574 2837 3632 p.

739 3640 895 3707 217.,
926 3654 1097 3711 quem
1135 3635 1435 3708 Kiisterus‚
1466 3636 1662 3695 nescio
1691 3656 1761 3693 an
1792 3646 1967 3710 recte,
1998 3658 2099 3716 pro
2125 3640 2465 3719 Lysimacho
2493 3641 2688 3703 habet.

821 3734 846 3798 1
892 3728 1131 3786 Poetam
1175 3727 1330 3786 hunc
1373 3728 1665 3785 memoriae
1712 3728 2197 3789 commendarunt
2244 3733 2437 3806 amici,
2487 3735 2733 3796 Ovidius
2782 3749 2844 3797 et

743 3820 1095 3899 Propertius,
1137 3820 1292 3878 unde
1331 3819 1506 3879 etiam
1542 3820 1616 3878 de
1655 3832 1999 3899 argumento
2036 3824 2307 3884 carminis
2347 3826 2475 3905 ejus
2501 3840 2751 3891 constat.
2784 3853 2841 3891 v.

741 3912 997 3992 inprimis
1027 3912 1353 3971 BroukhuS.
1386 3923 1443 3971 et
1476 3911 1843 3972 Burmannus
1865 3916 1995 3974 Sec.
2023 3916 2096 3974 ad
2121 3916 2299 3995 Prop.
2333 3920 2382 3990 Ι,
2408 3924 2463 3979 7.
2490 3922 2674 3998 princ.
2760 3925 2845 3983 At

739 4009 835 4064 vix
875 4005 1129 4076 credam,
1175 4002 1334 4081 quod
1373 4004 1743 4063 Burmannus
1783 4026 1815 4064 e
1852 4027 1905 4063 v.
1946 4009 2032 4065 17.
2060 4006 2235 4087 hujus
2266 4010 2487 4089 Elegiae
2528 4016 2842 4099 exsculpit,

743 4099 972 4177 Septem
1001 4106 1206 4157 contra
1244 4096 1470 4155 Thebas
1500 4096 1815 4175 genuinum
1846 4099 2097 4177 poemati
2120 4100 2349 4161 titulum
2380 4104 2570 4165 fuisse.
