3125 5009
744 288 843 357 40
1352 308 1795 356 AN'riMAcffl
1841 308 2242 364 nEQOAE.

742 457 1146 522 videantur.*
1240 457 1659 543 Ingeniosum
1689 458 2036 544 judicium,
2078 467 2141 520 et
2188 456 2387 543 quod,
2421 454 2501 519 de
2536 453 2845 540 composi-

739 558 912 623 tione
956 560 1289 623 verborum
1331 560 1575 647 passim
1617 560 1953 646 asperiore,
1990 582 2203 648 verum
2248 558 2460 623 forsan
2503 557 2660 643 ipsae
2707 578 2849 620 nos-
2897 620 2903 629 ,

741 672 858 726 trae
889 661 1180 749 reliquiae
1213 664 1477 748 probare
1509 669 1884 750 poterunt.†

829 764 949 828 Sed
985 764 1127 827 aliis
1157 764 1532 852 praeterhoc
1563 765 2048 852 majoribusque
2079 764 2255 827 vitiis
2297 770 2487 849 poeta
2527 758 2847 825 laborasse

743 865 998 930 dicitur.
1089 864 1386 939 Quorum
1418 866 1695 952 primum
1728 876 1827 930 est
1855 866 2233 943 obscuritas,
2265 865 2549 941 suborta,
2580 872 2653 928 ut
2684 862 2851 927 vide-

745 976 871 1048 tur,
901 968 1180 1033 maxime
1213 990 1292 1032 ex
1323 968 1755 1055 frequentiore
1785 991 1907 1032 usu
1938 969 2317 1053 glossarum,
2346 966 2413 1029 h.
2442 988 2496 1029 e.
2529 988 2759 1029 vocum
2788 976 2849 1029 et

744 1069 1158 1139 formularum
1213 1070 1539 1148 rariorum,
1600 1092 1639 1133 a
1692 1070 2134 1157 loquendique
2194 1067 2661 1133 consuetudine
2712 1069 2847 1154 jam

743 1180 1148 1235 remotarum.
1263 1156 1450 1235 Tales
1507 1171 1699 1260 enim,
1746 1172 2018 1236 Homeri
2079 1172 2479 1257 aliorumque
2537 1171 2851 1257 exemp10,

745 1272 1035 1359 inprimis
1068 1273 1134 1336 in
1167 1272 1414 1338 deliciis
1443 1273 1772 1338 habebant
1803 1283 2007 1361 poetae
2052 1273 2524 1385 insequentium
2568 1281 2849 1350 aetatum,

744 1375 981 1461 quibus
1009 1375 1496 1462 exquisitiorem
1528 1386 1594 1440 et
1625 1399 1662 1441 a
1688 1377 1932 1463 vulgari
1957 1387 2021 1440 et
2044 1375 2318 1463 pedestri
2341 1397 2625 1439 sermone
2647 1376 2851 1462 magis

742 1478 1190 1543 abhorrentem
1221 1478 1573 1542 orationem
1604 1484 2004 1556 exornarent.
2116 1478 2347 1565 Neque
2378 1478 2443 1541 id
2478 1478 2664 1542 facile
2694 1478 2848 1541 vitio

742 1580 820 1643 iis
867 1588 1192 1644 verterunt
1239 1579 1489 1667 antiqui
1531 1580 1660 1643 stili
1699 1602 2013 1661 censoreS,
2064 1603 2179 1645 nec
2228 1581 2434 1644 facere
2482 1589 2846 1668 potuerunt.

745 1680 944 1760 Quin,
983 1692 1242 1745 auctore
1270 1681 1695 1765 Quintiliano,
1728 1682 1976 1747 laudem
2008 1683 2073 1746 in
2105 1694 2321 1748 nostro
2352 1683 2573 1747 habuit
2602 1684 2847 1748 minime

740 1783 1006 1871 vulgare
1035 1783 1358 1869 eloquendi
1382 1774 1601 1872 geum,
1631 1794 1888 1871 propter
1918 1785 2093 1873 quod
2126 1786 2335 1871 ipsum
2370 1786 2560 1849 etiam
2592 1808 2845 1850 carmen

741 1886 938 1948 nostri
972 1885 1352 1949 reconditum
1370 1898 1560 1951 vocat
1592 1886 1885 1977 Cicer0.‡
1976 1882 2097 1951 Est
2117 1898 2329 1952 tamen
2350 1888 2415 1951 in
2440 1888 2563 1953 hoc
2587 1911 2847 1976 quoque

741 1987 972 2051 modus
1002 1998 1066 2052 et
1095 1988 1255 2051 ratio
1285 1988 1608 2074 quaedam,
1646 2011 1726 2054 ne
1757 1989 2204 2054 obscuritatem
2232 1990 2502 2055 orationi
2530 1990 2849 2071 offundaS‚

741 2090 1002 2175 qualem
1035 2090 1427 2153 carminibus
1459 2090 1597 2155 suis
1628 2093 1919 2157 nonnulli
1951 2116 2030 2157 ex
2067 2092 2545 2173 AlexandriniS,
2584 2116 2847 2179 praeser-

739 2191 856 2253 tim
891 2191 1291 2277 Lycophron,
1322 2191 1620 2256 studiose
1639 2194 2091 2279 quaesiverunt.
2200 2196 2419 2281 Atque
2468 2194 2587 2261 hos
2628 2196 2694 2258 in
2726 2195 2847 2261 hoc

824 2378 856 2409 '¹'
899 2376 1020 2434 Vit.
1070 2374 1278 2433 Timol.
1330 2396 1388 2453 p.
1443 2378 1584 2434 253.
1644 2377 1713 2434 C.
1774 2377 2049 2458 Καθάπερ
2097 2386 2211 2458 γὰρ
2265 2385 2298 2451 ἦ
2340 2380 2445 2458 μὲν
2498 2380 2845 2462 Ἀντιμάχου

739 2476 956 2539 ποίησις
999 2472 1085 2527 καὶ
1127 2474 1196 2527 τὰ
1241 2470 1544 2527 Λιονυσίου
1594 2474 2031 2549 ζωγραφήματα,
2070 2483 2181 2531 τῶν
2227 2471 2625 2553 Κολοφωνίων,
2678 2474 2847 2553 ἶσχῦν

739 2562 946 2640 ἔχοντα
984 2564 1073 2619 καὶ
1108 2563 1292 2629 τόνον,
1324 2560 1464 2633 (vim
1494 2570 1554 2618 et
1578 2563 1936 2638 yravitatem
1975 2562 2355 2639 Quintilian.)
2384 2564 2844 2646 ἐκβεβιασμένοις

737 2658 828 2712 καὶ
869 2656 1200 2717 καταπόνοις
1239 2651 1396 2720 ἕοικε,
1437 2662 1561 2719 ταῖς
1590 2652 1647 2712 δὲ
1680 2657 2006 2733 Νικομάχου
2035 2666 2281 2735 γραφαῖς
2318 2661 2405 2715 καὶ
2445 2668 2559 2726 τοῖς
2584 2658 2843 2739 Ὀμήρου
2909 2712 2913 2716 .

739 2752 976 2824 στίχοις,
1004 2749 1144 2823 μετὰ
1172 2754 1268 2812 τῆς
1307 2746 1491 2814 ἄλλης
1529 2744 1812 2823 δυνάμεως
1850 2751 1940 2805 καὶ
1976 2750 2226 2826 χάριτος,
2260 2753 2520 2828 πρόσεστι
2542 2828 2546 2832 ¹
2566 2751 2627 2810 τὸ
2666 2752 2843 2811 δοκεῖν

735 2840 974 2915 εὐχερῶς
1021 2839 1109 2894 καὶ
1154 2835 1353 2912 ῥᾳδίως
1398 2836 1807 2915 ἀπειργάσθαι·
1858 2838 2028 2905 οὕτως
2043 2882 2061 2895 .-
2075 2845 2230 2919 παρὰ
2270 2845 2370 2911 τὴν
2414 2842 2843 2921 Ἐπαμινώνδου
2916 2904 2924 2911 ,

738 2934 1084 3005 στρατηγίαν
1112 2931 1199 2985 καὶ
1224 2932 1324 2996 τὴν
1351 2927 1724 3003 Ἀγησιλάου,
1754 2935 2105 2999 πολυπόνους
2134 2938 2442 3013 γενομένας
2470 2940 2556 2993 καὶ
2586 2935 2842 3014 δυσάγω-
2892 2956 2897 2959 “

737 3046 860 3091 νας,
907 3025 940 3089 ἢ
989 3022 1358 3097 Τιμολέοντος
1402 3022 1895 3102 ἀντεξεταζομένη,
1944 3029 2030 3083 καὶ
2058 3032 2198 3105 μετὰ
2240 3036 2335 3085 τοῦ
2384 3033 2553 3087 καλοῦ
2587 3030 2734 3088 πολὺ
2776 3034 2841 3091 τὸ

728 3111 928 3189 ῥᾳδίως
946 3117 1197 3189 φαίνεται
1218 3119 1334 3176 τοῖς
1351 3108 1409 3169 εὖ
1434 3116 1522 3169 καὶ
1545 3112 1765 3181 δικαίως
1786 3118 2197 3195 λογιζομένοις,
2219 3123 2283 3177 οὒ
2305 3122 2477 3199 τυχης
2499 3120 2684 3198 ἔργον,
2703 3125 2843 3183 ἀλλ’

733 3208 932 3281 ἀρετῆς
975 3203 1334 3280 εὐτυχούσης.
1422 3202 1601 3261 Plura
1650 3204 1725 3263 de
1768 3206 1998 3266 duobus
2033 3208 2382 3287 pictoribus,
2444 3212 2729 3293 Dionysio
2779 3225 2841 3274 et

735 3292 1118 3364 Nicomach0‚
1165 3293 1258 3351 cui
1305 3293 1448 3353 scire
1482 3294 1826 3370 collibuerit,
1869 3299 2042 3359 adeat
2070 3300 2106 3359 J
2116 3302 2242 3360 unii'
2273 3303 2542 3382 Catalog.
2578 3306 2745 3365 Artif.
2774 3326 2835 3385 p.

730 3388 827 3444 79.
859 3394 919 3443 et
949 3386 1083 3443 134.
2282 3401 2295 3418 ⁸
2386 3398 2394 3406 ’

809 3488 846 3549 †
891 3476 988 3535 Cf.
1023 3476 1264 3555 Dionys·
1282 3477 1434 3537 Hal.
1462 3484 1583 3559 περὶ
1616 3481 1780 3541 συνθ.
1822 3487 1981 3563 ὄνομ.
2009 3506 2067 3565 p.
2100 3489 2199 3544 22.v
2229 3496 2399 3559 extr„
2429 3489 2527 3568 ubi
2558 3494 2833 3552 Antima-

725 3571 897 3628 chum
943 3569 1361 3645 Colophonium
1389 3572 1721 3650 exemplum
1751 3587 1851 3646 τῆς
1891 3582 2172 3658 αὐστηρᾶς
2200 3583 2473 3660 ἁρμονίας
2502 3582 2686 3658 affert,
2714 3605 2833 3645 una

725 3680 858 3721 cum
892 3659 1274 3739 Empedocle,
1306 3660 1585 3735 Pindam,
1616 3666 1916 3747 AEschylo‚
1948 3668 2092 3729 aliis,
2177 3671 2453 3751 ,Ceterum
2473 3674 2625 3735 idem
2649 3677 2832 3757 scrip-

724 3764 816 3813 tor
856 3753 1014 3825 alibi,
1059 3752 1106 3809 si
1148 3752 1320 3811 modo
1363 3753 1512 3813 idem
1558 3765 1671 3827 est,
1701 3769 1957 3818 nostrum
1987 3774 2185 3822 censet
2213 3762 2547 3842 diligentem
2577 3764 2829 3839 ehi-ouldc

721 3850 810 3905 καὶ
855 3849 1228 3921 ἀγωνιστικῆς
1272 3848 1613 3925 τραχύτητος
1658 3854 1745 3909 καὶ
1783 3864 1877 3912 τοῦ
1923 3856 2200 3925 συνήθους
2244 3868 2343 3927 τῆς
2382 3861 2725 3937 ἐξαλλαγῆς,
2768 3864 2827 3921 in

719 3937 1006 4017 Ἀρχαίων
1035 3938 1273 4005 ἐξετάσει
1305 3957 1361 4014 p.
1394 3940 1490 3995 68.
1524 3939 1617 3997 ed.
1652 3941 1811 4021 Sylb.
1840 3945 1937 4004 ubi
1970 3968 2021 4004 v.
2056 3945 2133 4005 H.
2168 3947 2374 4027 Stepb.

719 4120 736 4177 ¹
800 4035 826 4178 ἶ
869 4027 980 4087 Vel
1008 4027 1067 4085 hi
1093 4026 1209 4085 loci
1237 4027 1409 4104 igitur
1436 4029 1668 4107 docent,
1688 4036 1841 4111 quod
1864 4037 2112 4097 Salmas·
2140 4042 2394 4119 negabat
2417 4044 2489 4102 ad
2522 4045 2821 4123 Spartian.
