3125 5009
1193 353 1286 401 'ru
1300 353 1540 405 EssAxs.
2324 332 2419 403 69

316 497 741 583 antiquitatiS‚
773 499 879 564 hie
910 509 1333 581 oecurrente3‚
1364 524 1550 567 nemo
1590 501 1769 590 legit,
1801 504 1914 591 qui
1946 501 2072 567 non
2104 501 2429 567 simillima

312 620 391 661 ex
442 598 721 665 Homero
756 602 1134 681 meminerit,
1164 602 1456 690 adeoque
1484 604 1568 669 de
1613 604 1716 669 his
1765 617 1980 670 notare
2028 606 2427 691 supersedeo.

317 698 453 766 Nee
505 702 717 767 minus
765 705 957 770 verba.
1001 704 1285 792 plurima
1333 705 1678 772 Homerica
1723 718 1896 772 sunt.
1952 730 2011 771 v.
2064 707 2165 770 vel
2219 705 2430 771 Feith.

315 803 495 869 Antt.
523 803 713 869 Hom.
748 806 875 886 III,
900 808 961 872 2.
1026 806 1148 871 Est
1178 818 1411 888 tamen,
1440 810 1619 899 quod
1649 809 1731 873 ab
1762 808 1934 874 illius
1962 807 2430 873 consuetudine

312 901 631 982 abhorret,
648 905 855 969 mellis
876 927 1032 970 usus
1049 905 1117 969 in
1137 906 1474 972 ordinariis
1493 908 1720 995 epuliS.
1767 906 1974 972 Aliter
1989 901 2088 972 est
2108 906 2184 971 Il.
2198 907 2260 973 λ.
2282 908 2428 971 630.

314 1003 661 1091 Epitheton
701 1008 972 1084 ἀσκηθὲς
1011 1008 1263 1073 videtur
1300 1032 1441 1073 esse
1476 1032 1735 1095 purum,
1772 1009 2112 1090 illibatum,
2145 1009 2255 1073 sed
2299 1009 2425 1072 hoe

314 1107 527 1272 pgsitu
557 1108 623 1172 id
654 1108 806 1174 alibi
838 1110 947 1173 vix
976 1121 1291 1176 occurrat.
1348 1110 1425 1175 In
1456 1112 1586 1178 fine
1617 1110 1837 1177 deficit
1864 1111 2122 1175 omnino
2153 1111 2423 1175 relatum

316 1231 357 1272 a
430 1214 606 1297 χέον.

1311 1534 1433 1600 XI.

470 1696 754 1791 ’Άλλοις
794 1696 857 1781 δε
899 1736 1214 1840 κρητηρα,
1256 1736 1700 1805 παναργυρον,
1742 1696 1810 1794 ἦε
1853 1696 2240 1805 Σεπαστρα

482 1809 825 1892 Οἶσόντων
862 1809 1175 1917 χρύσεια,
1212 1810 1310 1892 τά
1346 1811 1411 1891 τ’
1450 1810 1512 1891 ἓν
1549 1810 1942 1919 μεγάροισιν
1983 1811 2204 1919 ἐμοῖσι

486 1922 787 2002 Κειάται
816 1971 928 1983 --

318 2099 721 2162 Lectum-un
774 2098 915 2164 haee
963 2097 1203 2171 ibidem
1256 2120 1317 2184 p.
1366 2098 1517 2162 468.
1565 2096 1668 2175 C„
1723 2118 1800 2160 ex
1851 2096 2072 2160 eodem
2123 2096 2286 2160 libro
2339 2095 2426 2158 V.
2487 2150 2514 2183 ,

312 2198 694 2277 Thebaidos,
735 2209 809 2262 ut
848 2200 1122 2279 videtur,
1152 2201 1507 2286 depromta,
1541 2222 1691 2286 quae
1734 2196 1820 2261 N.
1855 2196 2088 2261 Liiens.
2119 2197 2164 2260 l.
2198 2197 2241 2260 l.
2276 2218 2430 2260 con-

304 2302 562 2387 jectura
613 2303 851 2365 duetus
904 2301 987 2366 ad
1042 2302 1409 2367 libationem
1465 2302 1677 2381 refert,
1731 2321 1927 2386 quam
1981 2298 2213 2363 Manto
2269 2296 2432 2361 facit

314 2403 572 2469 umbris·
602 2428 665 2468 v.
699 2402 859 2467 Stat.
895 2401 1013 2485 IV,
1036 2404 1184 2469 463.
1214 2426 1313 2492 sq.
1404 2403 1494 2467 At
1531 2404 1598 2467 in
1641 2401 1882 2467 talibus
1925 2422 2004 2463 ne
2039 2400 2428 2486 conjecturae

315 2506 575 2594 quidem
604 2506 816 2571 locum
848 2528 985 2571 esse
1013 2515 1253 2593 putem.
1304 2506 1431 2572 Pro
1461 2504 1693 2581 ἄλλοις
1722 2502 1768 2569 f.
1798 2504 1923 2591 leg.
1955 2502 2172 2581 ἄλλοι,
2197 2522 2430 2587 nempe

315 2613 572 2695 κήρυκες
600 2631 710 2674 seu
743 2614 978 2695 κοῦροι.

1292 2878 1457 2944 Xll.

488 3044 629 3127 Καὶ
669 3044 957 3151 χρύσεια
996 3042 1381 3150 δέπαστρα
1416 3079 1534 3122 και
1512 3039 1872 3180 “tolo-moig-
1893 3039 2232 3136 κελεβειον

478 3156 869 3269 'Epami->xenon
905 3154 1208 3266 μελιτος,
1253 3193 1333 3236 το
1371 3154 1459 3270 ῥά
1495 3156 1555 3235 οἷ
1594 3182 2103 3260 προφερεστερον
2145 3149 2264 3249 εἴη.

317 3345 613 3409 Arme-r
658 3340 1013 3405 Athenaeus
1058 3340 1214 3405 ibid.
1253 3348 1319 3403 et
1358 3338 1622 3402 inferius
1677 3334 1799 3402 XI.
1843 3361 1904 3425 p.
1953 3338 2100 3402 475.
2194 3336 2266 3402 F.
2318 3339 2428 3403 ubi

319 3446 678 3532 subjungit.
774 3448 1007 3531 Σαφῶς
1053 3444 1177 3529 γὰρ
1226 3447 1342 3508 νῦν
1388 3437 1710 3526 κελέβειον
1759 3438 1900 3509 ἀντὶ
1954 3438 2218 3527 ἆγγείου
2257 3441 2436 3515 τινὸς

320 3555 543 3616 τέθεικε
582 3549 903 3635 προειπὼν
940 3548 1209 3631 ποτήρια
1250 3540 1579 3628 δέπαστρα.
1669 3540 1943 3605 Dixerat
1981 3549 2193 3618 antea,
2223 3541 2437 3629 qualis

324 3650 534 3739 poculi
582 3648 822 3737 speeies
861 3644 1089 3733 κελέβη
1137 3643 1351 3723 fuerit,
1391 3641 1858 3729 incompertum
1905 3662 2082 3706 esse:
2147 3638 2435 3706 Silenum

322 3765 388 3820 et
415 3751 813 3817 Clitarchum
843 3770 1061 3814 vocem
1092 3747 1157 3811 in
1202 3744 1434 3833 glossis
1464 3742 1734 3807 AEolieis
1770 3740 2167 3821 numerasse,
2198 3741 2440 3807 Nican-

324 3857 510 3921 drum
540 3864 752 3921 autem
780 3855 897 3929 τὴν
934 3847 1203 3936 κελέβην
1232 3845 1464 3910 habere
1498 3848 1859 3930 ποιμενικὸν
1893 3844 2159 3931 ἀγγεῖον
2195 3842 2442 3929 μελιτη-

326 3962 466 4044 ρόν.
555 3956 773 4042 Atque
823 3952 915 4017 sie
967 3949 1329 4037 explicatur
1377 3946 1445 4008 in
1490 3944 1777 4031 Hesyeh.
1842 3944 1947 4009 Cf.
1983 3944 2257 4009 Palmer.
2305 3943 2440 4008 Ex-

329 4060 534 4126 ercitt.
554 4080 619 4144 p.
645 4059 805 4123 792.
835 4054 1030 4129 Quod
1054 4047 1438 4115 vocabulum
1463 4069 1502 4110 a
1528 4055 1743 4111 nostro
1767 4046 2006 4133 saepius
2029 4055 2440 4132 usurpatum,

332 4161 459 4225 alia
512 4182 659 4224 mox
716 4160 1075 4245 fragmenta
1134 4147 2170 4216 indicabunt.—SCH.—Primus
2223 4168 2442 4210 versus
