3125 5009
664 300 796 369 116
1266 314 1704 364 AN'nMAcni
1750 313 2158 367 nutioulffl.

659 466 909 553 Perieg.
936 466 1083 529 525.
1112 466 1259 529 530.
1320 462 1511 528 Prius
1537 484 1771 526 nomen
1795 470 2074 527 tractum
2099 460 2323 525 dicunt
2340 460 2422 523 ab
2447 480 2767 546 aquarum

658 568 1080 649 abundantia,
1114 576 1364 632 auctore
1393 568 1534 653 jam
1564 565 1905 629 Aristotele
1937 587 2038 651 ap.
2074 563 2241 628 Plin.
2271 562 2357 627 H.
2391 562 2474 626 N.
2506 560 2623 640 IV,
2662 561 2766 625 12.

660 674 763 736 22.
818 672 924 736 ubi
972 694 1027 734 v.
1079 669 1398 734 Harduin.
1492 667 1919 732 Probabiliter
1971 676 2186 731 tamen
2239 666 2405 729 hanc
2459 663 2774 728 rationem

665 775 941 840 nominis
973 774 1177 859 rejicit
1210 772 1516 837 Bochart.
1548 771 1631 835 de
1661 770 1798 835 Col.
1827 769 2059 833 Phoen.
2097 769 2150 849 I,
2187 770 2284 833 14.
2315 792 2383 878 p.
2415 767 2563 832 409.
2595 766 2776 829 insu-

662 874 919 958 lamque
947 872 1165 959 potius
1194 869 1276 935 ob
1299 870 1429 957 hyd
1441 885 1648 933 rorum¹
1673 890 1786 933 seu
1814 876 2178 954 serpentum
2207 866 2455 953 copiam
2479 864 2778 951 Hydrus-

666 996 803 1039 sam
822 974 1062 1037 dictam
1088 994 1226 1037 esse
1252 979 1568 1036 autumat.
1622 969 1780 1033 Inde
1800 980 1970 1035 certe
1993 970 2194 1033 altera
2219 968 2390 1032 venit
2413 965 2780 1055 appellatiO,

666 1084 729 1141 et
759 1076 851 1140 sic
882 1074 1164 1162 priscum
1207 1096 1439 1138 nomen
1470 1072 1723 1151 insulae,
1755 1080 2089 1158 poetarum
2121 1094 2316 1152 more,
2349 1072 2413 1134 in
2444 1070 2779 1158 epitheton

666 1177 749 1240 ab
780 1174 1170 1240 Antimacho
1212 1196 1465 1239 versum
1494 1195 1829 1260 agnoscas,
1921 1172 2178 1237 Mireris
2219 1181 2435 1237 autem
2471 1173 2638 1257 jure,
2661 1192 2782 1235 cur

672 1276 1147 1342 Grammaticus
1200 1275 1264 1340 id
1315 1275 1551 1341 dixerit
1594 1275 1804 1339 minus
1849 1275 2008 1340 bene
2055 1274 2320 1339 factum.
2411 1274 2680 1361 Nempe,
2727 1272 2783 1337 si

672 1400 819 1444 vera
846 1378 1123 1464 conjecit
1152 1376 1501 1463 Spanhem.
1528 1378 1595 1440 in
1625 1377 1954 1464 Aristoph.
1981 1377 2020 1440 l.
2045 1398 2102 1441 c.
2134 1399 2323 1464 quem
2354 1376 2423 1440 in
2449 1376 2571 1441 hoc
2595 1375 2782 1463 sequi

670 1482 912 1560 malim,
936 1479 1329 1544 existimavit
1357 1480 1430 1559 is,
1459 1480 1571 1567 qui
1606 1479 1890 1544 scholion
1917 1479 2232 1568 appinxit,
2254 1467 2484 1544 terram
2514 1479 2782 1543 eandem

674 1605 797 1647 non
832 1582 1023 1646 simul
1055 1589 1121 1646 et
1152 1582 1283 1645 allii
1314 1590 1382 1645 et
1412 1593 1777 1668 serpentum
1801 1583 2141 1647 fecundam
2165 1604 2304 1647 esse
2332 1603 2537 1669 posse.
2586 1580 2784 1655 Quod

672 1707 868 1771 quam
922 1684 1134 1763 docte,
1178 1706 1371 1770 quam
1422 1684 1679 1765 indocte
1727 1684 2203 1761 existimaverit,
2249 1706 2499 1747 movere
2546 1706 2662 1747 nos
2716 1684 2781 1746 in

674 1783 814 1870 ipsa
846 1783 1073 1848 scholii
1108 1785 1622 1871 interpretatione
1647 1786 1824 1850 nullo
1851 1786 2036 1850 modo
2066 1786 2275 1849 debet.
2362 1785 2534 1848 Teuo
2563 1784 2786 1871 itaque

674 1885 959 1949 manebit
988 1886 1206 1950 allium
1240 1910 1449 1966 suum,
1478 1897 1736 1951 auctore
1772 1888 1911 1975 ipso
1941 1888 2371 1975 Aristophane
2400 1889 2442 1951 1.
2475 1889 2541 1966 1.,
2571 1910 2789 1953 mane-

676 1989 843 2052 bunt
872 1986 1064 2051 etiam
1096 1999 1440 2076 serpenteS,
1471 1990 1766 2076 quamvis
1795 1990 1863 2053 hi
1893 1990 2086 2054 odore
2116 1990 2248 2053 allii
2289 1989 2462 2076 abigi
2492 1989 2792 2053 dicantur

675 2090 1017 2154 veteribus.
1066 2114 1124 2154 v.
1164 2089 1331 2155 Plin.
1366 2090 1526 2172 XX,
1569 2092 1630 2156 6.
1672 2094 1780 2155 23.
1875 2092 2042 2155 Nam
2088 2092 2316 2179 partim
2364 2092 2584 2178 primis
2629 2102 2790 2156 tem-

676 2193 939 2278 poribus
971 2202 1338 2279 serpentum
1365 2195 1547 2282 copia
1572 2194 1869 2258 infestare
1892 2194 2166 2258 insulam
2191 2194 2420 2283 potuit,
2449 2203 2608 2258 utet
2630 2194 2791 2257 alias

678 2294 1068 2359 infestarunt
1097 2298 1385 2383 regiones
1415 2298 1628 2363 adhuc
1671 2298 1970 2377 incultaS,
2002 2298 2172 2363 unde
2203 2320 2431 2362 nomen
2453 2296 2796 2383 Ophiussa

679 2397 869 2460 haesit
912 2398 1223 2483 pluribus.
1316 2422 1373 2462 v.
1409 2399 1757 2485 Spanhem.
1795 2401 1876 2464 de
1907 2400 1986 2464 V.
2019 2409 2088 2464 et
2120 2400 2194 2463 P.
2233 2400 2315 2464 N.
2345 2400 2418 2465 T.
2453 2399 2504 2463 Ι.
2539 2422 2602 2486 p.
2636 2400 2788 2464 319.

680 2499 927 2565 Partim
949 2510 1013 2563 et
1044 2500 1110 2562 in
1142 2500 1285 2563 aliis
1316 2501 1406 2564 ita
1434 2510 1663 2567 natura
1683 2502 1965 2589 benigna
1987 2501 2163 2582 fecit,
2193 2512 2268 2566 ut
2287 2502 2618 2580 malorum,
2642 2526 2790 2589 quae

678 2600 985 2679 dedisset,
1018 2602 1297 2667 remedia
1327 2603 1696 2668 hominibus
1725 2627 1856 2669 non
1890 2604 2291 2669 recusaverit.
2363 2603 2592 2668 Noxiis
2619 2590 2814 2668 enim*

679 2702 997 2766 morsibus
1060 2702 1416 2789 viperarum
1476 2706 1780 2770 curandis
1839 2706 2060 2771 allium
2116 2716 2361 2771 veteres
2419 2705 2789 2771 adhibuere.

685 2803 1021 2890 Quidquid
1072 2805 1177 2883 sit,
1206 2806 1419 2869 Tenus
1472 2807 1803 2893 anguifera
1850 2810 2010 2873 bene
2062 2808 2191 2872 dici
2240 2830 2280 2873 a
2329 2818 2517 2895 poeta
2560 2808 2792 2895 potuit.

683 2905 876 2968 Dixit
893 2915 1107 2969 autem
1134 2910 1492 2991 ὀφιοέσσης,
1515 2930 1646 2995 quo
1673 2909 1732 2972 id
1758 2932 2016 2996 cunque
2036 2911 2176 2975 loco
2195 2909 2263 2975 in
2280 2932 2463 2975 versu
2487 2910 2797 2998 posuerit,

681 3008 885 3094 prima
926 3008 1176 3093 syllaba
1216 3008 1549 3093 producta,
1592 3011 1766 3095 quod
1808 3011 2377 3077 insolentissimum
2409 3024 2526 3079 est.
2617 3012 2794 3087 Quid

682 3108 921 3195 igitur?
994 3118 1365 3194 corruptum
1429 3110 1720 3174 dicamus
1781 3114 2209 3178 vocabulum?
2329 3115 2526 3181 Nullo
2583 3118 2794 3181 modo,

691 3210 901 3274 Immo
944 3210 1072 3275 huc
1109 3212 1408 3297 pertinet,
1439 3212 1614 3300 quod
1646 3213 1892 3296 Clark„
1921 3215 2063 3281 loco
2084 3218 2224 3303 jam
2267 3220 2347 3283 ad
2393 3218 2494 3284 Fr.
2530 3219 2796 3287 XXIII.

683 3314 905 3393 citat0,
943 3314 1024 3378 de
1074 3312 1279 3399 prima
1323 3314 1870 3402 polysyllaborum
1917 3328 2140 3383 contra
2186 3330 2479 3387 naturam
2526 3323 2798 3388 subinde

683 3415 999 3501 producta
1039 3414 1503 3480 animadvertit.
1597 3417 1936 3499 Nimirum,
1967 3421 2090 3485 nisi
2134 3422 2201 3485 in
2244 3424 2480 3488 talibus
2523 3423 2644 3489 hoc
2673 3426 2796 3490 sibi

684 3513 872 3576 licere
902 3520 1109 3598 poetae
1140 3511 1503 3598 putassent,
1540 3537 1662 3579 usu
1693 3538 1911 3581 eorum
1952 3520 2213 3585 omnino
2250 3521 2569 3587 abstinere
2610 3524 2801 3590 debe-

682 3614 861 3677 bant.
951 3612 1229 3678 Accedit
1276 3615 1355 3678 ad
1402 3613 1523 3678 hoc
1571 3619 2120 3703 pronunciationis
2161 3623 2385 3687 veteris
2431 3624 2616 3703 ratio,
2662 3648 2796 3711 qua

603 3743 608 3748 ·
680 3715 958 3778 litteram
990 3743 1037 3780 π
1068 3715 1135 3777 in
1166 3729 1209 3800 φ
1242 3715 1545 3781 latentem
1587 3721 1812 3784 eodem
1843 3722 2032 3787 modo
2073 3724 2233 3788 forte
2261 3725 2696 3811 geminabant,
2728 3736 2799 3792 ut

683 3818 750 3880 in
782 3816 923 3880 aliis
954 3816 1273 3897 consoniS‚
1298 3818 1634 3885 scribendo
1665 3844 1792 3886 non
1824 3823 2192 3912 duplicatiS,
2212 3827 2502 3893 similiter
2531 3830 2798 3910 factum,

684 3920 764 3983 de
806 3939 936 4004 quo
975 3940 1034 3980 v.
1065 3917 1320 3981 doctam
1368 3918 1630 3986 Praefat.
1662 3922 1881 3988 Wolfii
1929 3926 2009 3991 ad
2063 3926 2256 3992 Hom.
2293 3929 2369 3994 Il.
2401 3952 2466 4016 p.
2503 3930 2793 3997 XXXV.

682 4020 831 4082 Jam
862 4018 917 4081 si
948 4019 1389 4084 auctoritatem
1432 4023 1647 4087 adhuc
1679 4028 1912 4110 quaeris
1945 4030 2298 4110 certiorem,
2328 4031 2595 4097 habebis
2626 4034 2794 4099 hanc

677 4122 743 4184 in
765 4121 904 4206 ipso
924 4119 1201 4185 Homero
1223 4120 1491 4209 ipsaque
1514 4148 1666 4191 voce
1691 4129 1857 4212 ὄφις,
1876 4129 1942 4192 in
1964 4130 2188 4195 ultima
2209 4134 2463 4219 regione
2481 4136 2796 4201 collocata
