3125 5009
742 318 838 387 26
1349 334 1794 385 ANTIMACHI
1833 332 2241 388 RELIQUIAE.

745 509 821 551 ea
865 497 1200 566 monstrat,
1238 509 1368 574 qua
1409 498 1755 572 utrumque
1793 508 1829 549 a
1873 481 2199 549 Pausania
2226 474 2679 563 conjungitur3
2728 492 2845 537 nec

744 588 956 651 minus
1011 590 1172 653 illud
1226 590 1357 655 huc
1417 589 1711 675 pertinet,
1772 586 1947 675 quod
2008 582 2457 672 Apollodoru8‚
2505 576 2848 642 Thebaidis

747 691 1119 775 scriptorem
1167 713 1292 756 non
1340 691 1596 778 adjecto
1642 691 1899 754 nomine
1958 682 2301 764 laudande,
2350 683 2636 749 Hesiodo
2687 682 2849 746 anti-

747 791 1058 877 quissimo
1119 793 1271 868 vati,
1324 814 1469 857 eum
1518 792 1885 880 praeposuit,
1938 791 2113 878 quod
2159 789 2372 875 ipsum
2418 785 2635 850 minus
2682 792 2848 849 recte

747 894 1025 974 fecisset,
1058 896 1112 959 si
1141 895 1210 959 in
1239 895 1362 959 hoc
1397 893 1762 961 Antimachi
1788 891 1988 958 nostri
2012 913 2175 978 opus
2198 887 2578 975 spectasset.
2669 886 2853 951 Cete-

749 1020 890 1061 rum
913 999 1184 1062 obscura
1207 998 1612 1064 solummodo
1630 996 1799 1061 fama
1817 996 1907 1070 de,
1920 995 2161 1082 cyclica
2181 991 2507 1057 Tbebaide
2532 991 2614 1054 ad
2639 1000 2852 1055 nostra

750 1109 1040 1187 tempora
1069 1101 1378 1189 pervenit.
1471 1100 1795 1164 Celebrior
1824 1106 2041 1162 autem
2073 1095 2350 1184 primum
2379 1093 2540 1172 fuit3
2573 1100 2637 1157 et
2660 1092 2851 1165 alium

753 1201 1095 1268 Pausaniae
1135 1205 1347 1269 locum
1389 1202 1721 1281 habemuS,
1764 1221 1959 1287 quem
1998 1198 2054 1262 si
2099 1198 2260 1261 bene
2302 1194 2744 1308 intelligimuS,
2780 1216 2852 1257 ea

750 1324 1012 1390 quoque
1045 1302 1326 1369 Homero
1355 1328 1395 1369 a
1423 1304 1646 1368 multis
1676 1300 2145 1389 assignabatur,
2175 1299 2364 1385 cujus
2394 1296 2651 1383 ingenio
2680 1296 2850 1360 aliud

750 1425 979 1489 poema
1013 1415 1159 1491 post
1191 1405 1457 1470 Iliadem
1491 1413 1556 1471 et
1586 1404 1948 1493 Odysseam
1978 1402 2227 1466 nullum
2256 1399 2518 1487 dignius
2549 1398 2658 1463 ille
2688 1398 2854 1461 exis-

749 1505 1039 1571 timabat.
1047 1508 1088 1549 ¹*

751 1740 998 1818 scripsit,
1046 1741 1173 1820 ipsa
1219 1742 1392 1801 series
1441 1751 1500 1801 et
1547 1752 1713 1801 tenor
1757 1741 2032 1800 orationis
2076 1760 2298 1799 versum
2353 1739 2563 1799 istum:
2634 1742 2852 1820 Εἵματα

751 1838 937 1910 λυγρὰ
963 1837 1165 1913 φέρων,
1197 1834 1300 1894 σῦν
1327 1835 1538 1908 Ἀρίονι
1568 1841 1906 1913 κυανοχαίτῃ
1939 1830 2181 1911 Cyclico
2210 1831 2502 1891 vindicat:
2547 1833 2715 1912 cujus
2750 1852 2850 1891 ex-

751 1923 1076 2001 plicationis
1103 1937 1366 1985 auctores
1383 1926 1592 1997 haben,
1616 1925 1818 1984 Barth.
1852 1924 1927 1983 ad
1956 1925 2106 1984 Stat.
2129 1925 2237 1983 Tb.
2266 1924 2372 1995 IV,
2396 1927 2495 1983 43.
2520 1936 2580 1983 et
2601 1926 2851 1984 Valcke—

752 2017 993 2075 naerium
1051 2018 1124 2077 ad
1182 2018 1387 2077 Phoen.
1439 2040 1497 2097 p.
1545 2020 1685 2077 659.
1784 2018 1877 2076 De
1910 2016 2089 2077 altero
2124 2017 2435 2076 Pausaniae
2462 2017 2615 2089 loco,
2645 2017 2789 2079 forte
2818 2036 2853 2077 a

635 2159 642 2165 .
750 2108 1036 2169 Valcken.
1077 2129 1192 2168 non
1224 2120 1490 2170 accurate
1518 2112 1801 2188 inspecte,
1827 2110 2017 2169 dicam
2060 2109 2133 2169 ad
2174 2109 2269 2168 Fr.
2312 2110 2605 2168 XXXIII.
2692 2111 2853 2169 Prae-

750 2210 905 2259 terea
943 2202 1224 2281 cyclicam
1255 2202 1556 2262 Thebaida
1582 2202 1787 2261 laudat
1813 2201 2008 2261 Schol.
2038 2200 2308 2280 Apollon.
2343 2201 2456 2261 Rh.
2493 2204 2542 2274 1,
2572 2204 2709 2262 308.
2745 2204 2853 2263 nisi

749 2290 830 2349 ibi
858 2301 1169 2371 utrumque
1198 2304 1426 2371 poetam
1458 2304 1558 2354 aut
1587 2293 1777 2371 plures
1807 2294 2122 2371 intelligasz
2169 2293 2367 2353 Schol.
2390 2294 2463 2353 ad
2486 2296 2661 2353 Hom.
2689 2296 2759 2357 Il.
2786 2300 2849 2374 ψ.

752 2386 889 2443 346.
921 2385 1090 2464 cujus
1119 2387 1294 2444 verba
1321 2386 1394 2446 ad
1428 2386 1521 2445 Fr.
1555 2387 1723 2445 XIX.
1756 2404 2075 2466 apponam3
2126 2386 2445 2444 Athenaeus
2466 2386 2719 2465 denique
2748 2391 2852 2447 XI.

747 2495 808 2552 p.
839 2479 980 2535 465.
1014 2478 1082 2535 F.
1168 2478 1249 2536 At
1276 2477 1386 2535 hoc
1424 2477 1647 2555 insigne
1684 2476 2072 2555 fragmentum
2107 2486 2341 2556 propter
2380 2478 2851 2540 Valckenaerium

749 2568 898 2627 infra
925 2568 1080 2628 dabo
1110 2570 1205 2628 Fr.
1241 2569 1495 2629 XXXII.

829 2660 861 2693 ¹*
907 2660 1161 2720 Pausan.
1213 2661 1402 2721 Boeot.
1447 2683 1506 2741 p.
1553 2663 1691 2719 729.
1797 2660 2068 2733 Ἐποιὴθη
2114 2664 2171 2729 ἔς
2214 2664 2313 2723 τὸν
2359 2668 2605 2743 πόλεμον
2662 2676 2852 2728 τοῦτον

745 2756 835 2811 καὶ
865 2752 970 2824 ἔπη
999 2753 1294 2828 Θηβαίοις.
1379 2760 1466 2814 Τὰ
1495 2755 1554 2814 δὲ
1583 2754 1689 2825 ἔπη
1714 2763 1885 2814 ταῦτα
1915 2760 2205 2822 Καλαῖνος
2232 2759 2561 2835 ἀφικόμενος
2580 2763 2765 2819 αὐτῶν
2793 2763 2850 2827 ἐς

743 2849 993 2923 μνήμην,
1025 2845 1227 2925 ἔφησεν
1267 2846 1530 2926 ’Όμηρον
1569 2848 1668 2907 τὸν
1704 2850 2017 2916 ποιήσαντα
2050 2845 2218 2906 εἶναι.
2256 2847 2531 2929 Καλαίνῳ
2560 2851 2618 2910 δὲ
2646 2857 2852 2913 πολλοί

743 2962 801 2996 τε
829 2940 917 2995 καὶ
948 2939 1091 3004 ἄξιοι
1119 2942 1297 3013 λόγου
1325 2944 1462 2997 κατὰ
1493 2944 1665 2998 ram-31
1700 2938 1977 3013 ἔγνωσαν.
2059 2938 2273 2997 Locum
2313 2938 2539 2999 huncce
2576 2941 2851 3005 indicavit

747 3027 884 3084 mihi
925 3028 1175 3088 SalmaS.
1230 3028 1301 3087 ad
1343 3027 1530 3087 Solin.
1580 3049 1639 3107 p.
1690 3030 1831 3087 598.
1887 3029 1988 3101 D.,
2030 3030 2133 3107 qui
2169 3030 2243 3088 de
2287 3031 2583 3093 Thebaide
2626 3036 2852 3115 cyclica

743 3116 1034 3196 intelligit.
1123 3119 1315 3178 Possit
1341 3128 1538 3179 tamen
1566 3121 1713 3179 sorte
1736 3120 1944 3179 rectius
1964 3120 2036 3179 de
2062 3123 2338 3195 carmine,
2366 3123 2607 3184 alterum
2631 3128 2848 3187 bellum

743 3210 929 3268 solum
956 3210 1402 3289 complectente,
1427 3209 1655 3280 eodem,
1685 3211 1842 3288 quod
1875 3212 2204 3273 Herodotus
2221 3214 2446 3285 laudat,
2470 3219 2680 3298 accipi,
2711 3241 2845 3280 cum

743 3320 931 3379 usque
972 3301 1046 3360 ad
1094 3302 1219 3361 haec
1263 3304 1434 3362 verba
1475 3304 1799 3363 Pausanias
1835 3304 1909 3363 de
1952 3305 2231 3384 Epigonis
2268 3307 2548 3385 loquutus
2590 3311 2681 3371 sit.
2767 3315 2849 3373 At

743 3411 874 3452 vero
901 3398 1149 3473 πόλεμον
1182 3404 1394 3467 τοῦτον,
1425 3394 1484 3453 ni
1511 3394 1700 3467 fallor,
1740 3395 1813 3456 de
1852 3407 2098 3476 utroque
2135 3400 2287 3459 bello
2325 3401 2495 3461 dixit.
2532 3403 2609 3462 cf.
2641 3406 2849 3484 capitis

742 3485 925 3563 prino.
959 3496 1019 3544 et
1045 3486 1147 3544 fin.
1249 3486 1405 3545 Hinc
1439 3488 1908 3549 Hemsterhusius
1944 3491 2217 3569 praeclare
2243 3513 2348 3572 pro
2375 3495 2651 3571 Θηβαίοις
2678 3518 2847 3577 repo-

741 3578 857 3635 suit
890 3578 1138 3653 Θηβαΐς.
1228 3579 1368 3637 Mox
1409 3585 1699 3647 Καλαῖνος
1737 3581 1795 3639 in
1834 3588 2123 3651 Καλλῖνος
2162 3584 2458 3645 mutarunt
2494 3587 2705 3665 plures»,
2739 3590 2845 3649 im-

741 3668 1022 3747 probante
1068 3670 1421 3730 Ruhnkenio
1466 3672 1537 3731 V.
1583 3672 1708 3732 Cel.
1756 3672 1831 3731 ad
1871 3673 2217 3735 callimach.
2255 3678 2550 3757 Fragmm.
2584 3700 2641 3759 p.
2673 3685 2845 3755 439„

740 3760 838 3839 qui
880 3760 1000 3838 ipse
1043 3762 1388 3822 Callimachi
1429 3783 1641 3823 nomen
1686 3765 1951 3825 restituit.
2038 3768 2236 3828 Critici
2270 3790 2392 3829 esse
2430 3771 2593 3844 dicit,
2624 3774 2845 3837 incerta

739 3872 916 3932 opera
962 3854 1292 3913 auctoribus
1337 3856 1454 3913 suis
1493 3856 1804 3933 assignare,
1838 3876 1953 3915 non
1986 3858 2393 3940 Elegographi.
2477 3865 2697 3925 Tamen
2726 3868 2843 3927 hoc

740 3964 856 4004 non
892 3962 1065 4003 omne
1103 3944 1342 4003 dubium
1388 3948 1624 4018 eximat,
1662 3968 1793 4007 cum
1834 3958 2008 4028 poeta
2034 3950 2108 4010 de
2150 3953 2261 4011 alia
2290 3973 2349 4013 re
2370 3975 2721 4035 quacunque
2752 3960 2840 4019 lo-

737 4055 941 4115 quens,
973 4037 1154 4095 obiter
1181 4038 1470 4111 carminis,
1506 4049 1808 4118 tamquam
1859 4042 2169 4113 Homerici,
2207 4047 2557 4107 mentionem
2603 4050 2843 4131 injicere

737 4128 938 4207 possit,
981 4138 1046 4186 ut
1085 4130 1238 4187 verbi
1267 4148 1446 4189 causa
1473 4129 1661 4191 facere
1691 4132 1890 4191 debuit
1920 4134 2302 4212 Stesichorus,
2334 4140 2381 4200 si
2410 4161 2541 4201 vera
2572 4158 2727 4216 sunt,
2760 4147 2843 4205 ad
