3125 5009
696 324 791 393 86
882 392 887 397 ,
1302 341 1746 391 ANTmAcffl
1805 337 2204 396 RELIQUIAE.

695 492 845 581 παρ’
914 493 1297 579 Ἀντιμάχῳ,
1349 494 1608 559 εἰπόντι·
1701 488 2210 578 ’Ὡς-στρατός.
2293 488 2476 554 Ἔστι
2537 486 2666 572 γὰρ
2735 487 2808 551 τὸ

697 594 970 683 ἐκολιᾷει,
1026 597 1115 671 ὡς
1167 598 1240 662 τὸ
1294 599 1501 662 ἐποίει.
1597 594 1778 659 Dicit
1831 593 2327 670 Grammaticu8‚
2373 612 2501 654 non
2555 597 2806 652 tantum

696 699 964 764 formam
1013 696 1301 776 κολωίιω,
1343 718 1477 783 qua
1523 694 1718 761 Hom.
1762 696 1986 772 utitur,
2035 694 2152 759 sed
2199 694 2391 758 etiam
2440 691 2690 759 κολωὲω
2741 690 2811 753 in

700 823 821 863 usu
863 798 1082 877 fuisse,
1116 806 1187 863 et
1228 798 1396 863 hane
1428 796 1804 862 Antimaehi
1851 796 2236 861 auctoritate
2281 794 2638 859 confirmat.
2729 791 2810 854 In

700 901 905 965 verbis
954 900 1174 986 hujuS,
1210 900 1505 964 ultimam
1542 907 1658 965 τοῦ
1701 896 1954 986 ἐκολῴα
1993 897 2286 963 contrahi
2335 897 2401 959 in
2445 916 2640 959 unam
2683 895 2816 981 syl-

696 1003 911 1067 labam
958 1002 1335 1080 existimem,
1372 1011 1446 1065 ut
1486 999 1706 1077 ἀοιδῆς
1745 1000 2013 1064 Hesiod.
2049 1008 2124 1078 Θ,
2153 1000 2259 1063 48.
2289 1010 2354 1063 et
2393 1020 2542 1085 quae
2581 997 2671 1061 ibi
2697 998 2815 1061 ob-

698 1103 973 1169 servavit
1031 1102 1170 1167 Cel.
1219 1102 1413 1169 Wolf.
1504 1102 1815 1167 Similiter
1863 1101 1942 1165 Il.
1998 1130 2056 1179 ο,
2111 1102 2210 1165 18.
2266 1106 2302 1178 ἦ
2359 1103 2438 1166 οὐ
2498 1100 2562 1163 in
2616 1121 2812 1163 unam

698 1203 1634 1292 coalescunt.—-SCH.—Lege
1658 1229 1674 1268 ε

797 1308 926 1383 ’Ὡς
972 1306 1057 1392 ῥα
1103 1307 1229 1373 τοτ’
1260 1353 1277 1370 .
1307 1354 1324 1370 .
1349 1354 1366 1371 .
1398 1352 1409 1371 2
1437 1354 1453 1371 .
1486 1356 1501 1369 .
1527 1354 1542 1370 .
1572 1353 1588 1370 .
1625 1307 1897 1393 στρατὸς
1924 1306 2236 1391 Ἀργείων
2265 1301 2703 1390 ἐκολῴει.-Β.

1626 1614 1891 1679 XXIX.

704 1818 973 1880 STEPH.
1006 1816 1257 1902 Byz.,v.
1291 1818 1416 1884 Αἶα
1445 1818 1705 1882 tandem
1745 1816 2006 1903 adjicit:
2043 1816 2431 1906 ἜστινίΑἶα
2472 1822 2570 1882 καὶ
2614 1823 2820 1881 Μακε-

702 1917 922 1995 δονίας
958 1923 1154 2006 πηγὴ,
1188 1923 1278 1997 ὡς
1310 1921 1701 2007 Ἀντίμαχος
1742 1922 1808 1986 ἐν
1847 1916 2144 2005 Θηβαΐδι.
2236 1916 2456 2004 Etym.
2493 1916 2588 1980 M.
2615 1938 2679 2003 p.
2705 1910 2818 1986 2'7.

702 2022 747 2085 l.
778 2024 883 2086 25.
949 2022 1074 2088 Αἶα
1100 2021 1372 2088 καλεῖται
1402 2027 1499 2088 καὶ
1531 2027 1727 2111 κρήνη
1758 2026 1825 2089 ἐν
1858 2027 2144 2107 Παιονίᾳ.
2236 2019 2357 2084 Est
2381 2020 2488 2084 hic
2516 2019 2624 2085 ille
2647 2018 2818 2107 fone,

704 2145 897 2210 prope
916 2122 1321 2210 Amydonem
1341 2124 1407 2187 in
1427 2123 1711 2205 Paeonia,
1727 2122 2135 2189 Macedoniae
2159 2131 2392 2203 tractu,
2413 2122 2598 2201 situS‚
2617 2144 2816 2208 quem

704 2225 1089 2289 Criticorum
1118 2224 1383 2312 quidam
1410 2227 1563 2290 olim
1604 2226 1671 2289 in
1702 2225 1984 2291 Homero
2022 2246 2308 2312 quoerere
2347 2246 2461 2289 seu
2502 2223 2718 2311 potius
2746 2224 2817 2286 in

701 2348 847 2391 eum
872 2325 1107 2391 inferre
1137 2326 1505 2391 nitebantur
1536 2328 1614 2392 Il.
1648 2328 1713 2409 G,
1747 2329 1916 2400 850..
1946 2348 2128 2391 versu
2161 2327 2253 2392 sie
2282 2327 2660 2391 immutato:

1006 2474 1247 2556 Ἀξιοῦ,
1278 2475 1328 2563 ᾦ
1358 2477 1709 2545 κάλλιστον
1739 2476 1906 2566 ὕδωρ
1939 2476 2312 2545 ἐπικίδναται
2338 2479 2518 2557 Αἴης,

705 2626 882 2715 quod
897 2626 1219 2712 judicium
1240 2628 1421 2714 sequi
1441 2650 1565 2693 non
1581 2628 1902 2695 dubitavit
1927 2627 2160 2694 Strabo
2171 2628 2330 2693 VII.
2344 2650 2408 2715 p.
2424 2630 2817 2710 330‚(509.)‚

704 2730 759 2791 si
815 2729 1076 2815 quidem
1124 2729 1278 2794 Axii
1338 2730 1531 2795 undae
1591 2731 2000 2815 turbulentae,
2045 2752 2258 2819 neque
2309 2732 2472 2797 adeo
2531 2732 2816 2819 pulchrae

702 2828 957 2925 fuerint.
1052 2831 1417 2919 Geographi
1448 2832 1646 2911 lonae,
1676 2832 1761 2897 ad
1790 2856 1984 2921 quem
2015 2833 2350 2898 adeundus
2373 2832 2819 2915 CasaubonuS,

702 2936 768 2993 ln
804 2931 929 2995 fine
959 2932 1053 2997 sic
1083 2933 1295 2998 forsan
1335 2933 1456 2998 erit
1484 2934 1948 2999 restituendus:
2000 2938 2095 3001 Οὐ
2144 2934 2270 3023 γιὶρ
2316 2938 2390 3002 τὸ
2435 2943 2548 3002 τοῦ
2595 2934 2816 3012 Ἀξιοῦ

703 3031 875 3119 ὕδωρ
908 3034 1252 3103 κάλλιπον
1286 3045 1397 3111 τῆς
1424 3046 1546 3122 γῆς
1574 3041 1655 3124 τῇ
1683 3038 1823 3121 ὄψει
1853 3036 2148 3117 κίδναται,
2179 3036 2351 3103 ἀλλὰ
2398 3040 2472 3105 τὸ
2515 3048 2627 3115 τῆς
2658 3039 2818 3116 Αἴης

703 3138 793 3221 τῷ·
819 3134 1033 3221 Ἀἕιῷ.
1098 3135 1277 3200 Male
1306 3146 1473 3202 certe
1504 3138 1751 3202 editur:
1801 3138 1975 3205 ἀλλὰ
2005 3149 2118 3216 τῆς
2147 3150 2268 3227 γῆς
2296 3169 2351 3205 τ.
2384 3139 2528 3216 Ἀξ.
2589 3140 2642 3203 Ε
2674 3163 2818 3205 sen-

703 3236 904 3300 tentia
933 3235 1263 3302 Strabonis
1293 3260 1479 3324 porro
1505 3248 1703 3326 patet,
1734 3262 1896 3305 vers.
1934 3242 2079 3305 158.
2130 3242 2204 3305 Il.
2239 3257 2304 3328 φ.
2337 3243 2419 3306 ab
2449 3265 2527 3307 eo
2551 3244 2651 3307 vel
2682 3265 2818 3308 om-

703 3337 855 3419 nino
878 3359 1005 3403 non
1036 3339 1331 3426 agnitum
1353 3342 1454 3406 vel
1484 3341 1668 3405 aliter
1697 3342 1933 3407 lectum
1964 3342 2183 3407 fuisse.

1642 3637 1870 3705 XXX.

702 3832 953 3897 Senon.
985 3836 1070 3899 ad
1100 3834 1396 3925 AEschyl.
1427 3838 1493 3903 S.
1525 3841 1610 3904 ad
1639 3840 1759 3907 Th.
1794 3844 1940 3908 549.
1977 3866 2036 3931 p.
2067 3846 2170 3911 98.
2203 3844 2422 3934 Steph.
2487 3847 2811 3937 Παρθενο-

696 3944 887 4012 παῖος
921 3938 1173 4025 Ἀρκάς.
1263 3942 1652 4029 Ἀντίμαχος
1692 3951 1885 4030 φησὶν
1930 3948 2225 4035 Ἀργεῖον
2264 3951 2480 4030 αὐτὸν,
2511 3952 2627 4018 οὔκ
2655 3952 2806 4038 Ἀρ·

700 4033 875 4103 κάδοι.
964 4037 1088 4103 Est
1128 4042 1183 4103 is
1218 4062 1385 4106 unus
1425 4065 1460 4107 e
1502 4055 1743 4131 septem
1782 4048 1970 4135 primi
2013 4050 2162 4114 belli
2191 4050 2480 4117 Thebani
2509 4053 2813 4143 ducihm,

698 4162 889 4223 quem
939 4140 1197 4226 plurimi
1250 4143 1455 4209 filium
1508 4146 1909 4214 tradiderunt
1963 4151 2195 4217 Iasidis
2247 4155 2594 4237 Atalantae,
2640 4157 2818 4223 unde
