3125 5009
722 295 817 365 96
1340 310 1778 361 ΑΝΤΙΜΑοΗι
1823 306 2224 363 RELlQmAE.

1697 631 1881 695 XLI.

726 868 914 933 IDEM
961 868 1043 931 ad
1078 866 1288 953 Apoll.
1322 866 1451 931 Rh.
1486 864 1578 945 ΙΙ,
1613 865 1782 944 178.,
1827 863 1941 952 qui
1985 870 2176 950 poeta
2215 859 2562 937 Phineum,
2593 854 2845 942 Salmy-

722 971 892 1035 dessi
943 969 1233 1035 Thraciae
1290 990 1522 1056 regem,
1570 967 1784 1054 prodit
1835 964 2150 1051 Agenoris
2201 962 2429 1040 filium,
2473 961 2542 1025 in
2593 959 2842 1024 scholio

721 1072 918 1160 hujus
944 1071 1133 1137 famae
1162 1080 1487 1137 auctorem
1527 1070 1710 1157 ponit
1750 1067 2184 1145 Hellanieum‚
2217 1064 2568 1151 additque:
2615 1062 2737 1138 Ὡς
2778 1059 2843 1129 δὲ

720 1172 1025 1251 ”Ησίοδος
1084 1180 1257 1261 φησὶ,
1312 1177 1613 1249 Φοίνικος
1662 1178 1776 1238 τοῦ
1825 1171 2189 1256 Ἀγήνορος
2247 1172 2346 1234 καὶ
2402 1170 2838 1241 Κασσιεπείας·

724 1281 961 1363 ὁμοίως
1001 1274 1065 1344 δὲ
1114 1282 1210 1343 καὶ
1249 1272 1720 1353 Ἀσκληπιάδης
1761 1278 1859 1341 καὶ
1901 1273 2291 1358 Ἀντίμαχος
2340 1275 2438 1335 καὶ
2490 1264 2843 1354 Φερεκύδης

723 1385 935 1466 φασὶν.
1024 1380 1137 1444 Ἐκ
1180 1383 1295 1463 μὲν
1356 1380 1771 1451 Κασσιεπείας
1815 1384 1927 1451 τῆς
1971 1369 2264 1461 Ἀρᾶβου
2313 1376 2554 1438 Φοίνικι
2604 1373 2844 1456 γίνεται

727 1480 919 1556 Κίλιξ
959 1484 1059 1547 καὶ
1109 1482 1334 1556 Φινεὺς
1381 1486 1478 1546 καὶ
1530 1476 1870 1565 Δόρυκλος
1913 1506 1965 1542 κ.
2010 1474 2074 1541 λ.
2165 1472 2484 1537 Hellanici
2533 1470 2843 1536 rationem

722 1582 981 1670 plurimi
1029 1582 1290 1668 sequuti
1339 1590 1513 1659 sunt,
1553 1580 1619 1643 in
1667 1580 1770 1643 his
1809 1588 1981 1643 auct.
2029 1574 2238 1663 Orph.
2269 1576 2426 1663 Arg.
2470 1574 2616 1638 678.
2708 1572 2843 1637 Alii

724 1684 1013 1772 Neptuni
1060 1685 1265 1749 filium
1311 1684 1632 1748 dixerunt.
1721 1682 1825 1748 Cf.
1874 1704 2037 1770 quos
2082 1679 2305 1745 laudat
2351 1700 2475 1743 van
2527 1675 2708 1741 Stav.
2756 1676 2841 1741 ad

724 1786 973 1873 Hygin.
1008 1786 1082 1851 F.
1122 1788 1225 1853 19.
1318 1786 1580 1851 Scholio
1609 1795 1824 1851 nostro
1853 1782 2088 1848 similia
2117 1804 2227 1847 seu
2258 1781 2482 1847 eadem
2506 1778 2745 1867 potius,
2772 1788 2844 1843 at

724 1889 879 1954 mire
908 1889 1265 1977 deturpata,
1295 1887 1595 1977 apposuit
1625 1886 1920 1952 Eudocia
1949 1907 2014 1972 p.
2045 1884 2192 1950 414.

1679 2262 1892 2326 XLII.

716 2496 979 2559 Senot..
1014 2496 1221 2581 Apoll.
1258 2494 1383 2558 Rh.
1421 2493 1509 2571 II,
1540 2494 1690 2558 296.
1784 2488 2162 2579 Στροφάδας
2193 2496 2343 2577 φησὶ
2376 2488 2706 2567 κεκλῆσθαι
2731 2488 2834 2557 διὰ

719 2600 795 2665 τὸ
832 2600 985 2673 τοὺς
1030 2594 1350 2684 Βορεάδας
1390 2594 1658 2662 αὐτόθεν
1699 2596 2107 2681 ὑποστρέψαι,
2143 2596 2528 2680 στραφέντας
2571 2594 2660 2666 εἰς
2697 2593 2848 2657 τοῦ-

718 2705 904 2765 πῖσω·
955 2698 1189 2786 λαβὼν
1240 2699 1408 2785 παρὰ
1457 2698 1870 2786 Ἀντιμάχου.
1965 2699 2044 2762 Οἱ
2097 2693 2178 2761 δὲ·
2217 2690 2596 2781 Στροφάδας
2647 2699 2846 2779 φασὶν

724 2799 1072 2880 κεκλῆσθαι,
1104 2799 1257 2867 καθὸ
1299 2803 1775 2887 ἐπιστραφέντες
1805 2796 2022 2865 αὐτόθι
2066 2797 2340 2875 ηὔξαντο
2378 2801 2468 2883 τῷ
2510 2795 2620 2864 Διῒ
2661 2826 2846 2864 κατα·-

723 2901 957 2990 λαβεῖν
1010 2905 1128 2979 τὰς
1178 2902 1505 2990 Ἃρπυίας.
1617 2904 1792 2968 Κατὰ
1842 2899 1906 2969 δὲ
1951 2897 2261 2967 ‘H05080v
2309 2906 2406 2965 καὶ
2451 2900 2848 2989 Ἀντίμαχον

724 3011 823 3071 καὶ
851 3003 1301 3072 Ἀπολλώνιον
1332 3006 1408 3071 οὗ
1441 3009 1804 3071 κτείνονται.
1899 3001 2148 3089 Nempe
2188 3003 2271 3067 ab
2301 3001 2646 3087 Apollonio
2674 3024 2712 3067 a
2745 3025 2841 3067 ve.

722 3107 875 3171 inde
914 3108 1064 3171 262.
1097 3106 1493 3171 inducuntur
1522 3105 1852 3185 Boreadae‚
1902 3106 2089 3170 Zetes
2131 3114 2196 3170 et
2236 3104 2476 3185 CalaiS,
2519 3105 2846 3193 Harpyias

723 3217 1177 3296 persequentes
1219 3231 1455 3295 magno
1496 3208 1766 3294 impetu,
1810 3209 2012 3273 donec
2055 3230 2187 3289 eae,
2230 3207 2590 3272 interventu
2631 3207 2846 3289 Iridis,

722 3333 918 3399 prope
950 3311 1175 3376 Plotas
1201 3310 1446 3375 insulas
1476 3310 1818 3375 dimittunt
1835 3310 2114 3398 indeque
2134 3319 2556 3376 revertuntur.
2648 3311 2846 3390 Hine,

724 3414 993 3501 antiqua
1042 3414 1214 3478 fama
1265 3413 1409 3492 fuit,
1460 3413 1688 3477 insulis
1741 3434 1976 3478 novum
2029 3436 2260 3477 nomen
2315 3412 2753 3500 Strophadum
2777 3415 2849 3479 ⁴a

723 3522 1005 3603 πρέψειν
1054 3516 1325 3581 venisse.
1416 3515 1607 3579 Hanc
1649 3516 1943 3603 sequitur
1969 3516 2372 3603 Apollonius„
2407 3516 2471 3580 in
2513 3539 2644 3604 qua
2683 3540 2850 3604 prae-

724 3620 911 3684 ivisse
941 3618 1406 3683 Antimachum
1436 3639 1471 3681 e
1501 3617 1716 3683 Schol.
1749 3618 2082 3684 discimus.
2133 3618 2237 3682 Cf.
2258 3617 2595 3685 Summum
2626 3615 2848 3707 Heyn.

722 3722 805 3785 ad
846 3720 1140 3807 Apollod.
1182 3744 1247 3808 p.
1292 3721 1457 3799 195„
1486 3720 1570 3785 ad
1619 3743 1814 3809 quem
1853 3721 2229 3786 thesaurum
2272 3722 2582 3809 mythicae
2630 3724 2851 3788 erudi-

720 3824 916 3889 tionis
944 3823 1211 3888 lectores
1240 3822 1592 3911 saepissime
1620 3823 1963 3911 ablegandi
1993 3834 2165 3889 sunt.
