3125 5009
682 328 775 397 78
1297 345 1739 394 ΑΝΤιΜΑοΗι
1787 340 2192 398 nuncium.

678 496 815 581 ipse
862 495 1053 559 fidem
1106 477 1318 574 faciat,
1368 515 1485 559 nec
1536 494 1591 557 is
1644 500 1866 558 auctor
1915 498 2166 577 poetam
2217 494 2505 553 nostrum
2555 482 2620 545 in
2667 481 2790 543 alio

678 618 869 683 opere
897 618 1163 683 usquam
1194 595 1275 660 ad
1308 605 1521 683 partes
1552 594 1888 660 vocaverit.

1653 916 1844 983 XXI.

936 1112 1317 1220 ’Ἄδραστον
1359 1112 1422 1196 δὲ
1459 1114 1648 1224 μόνον
1688 1112 1905 1206 ἵππος
1943 1112 2244 1196 διέσωσεν
2283 1114 2532 1220 Ἀρίων.

688 1341 797 1405 Vn
814 1361 949 1404 ΕΒΑ
976 1349 1131 1405 sunt
1158 1362 1237 1404 ex
1270 1340 1661 1427 Apollodoro
1691 1339 1818 1418 ΙΙΙ,
1844 1339 1906 1404 6.
1941 1340 2024 1419 8.,
2041 1360 2234 1425 quem
2257 1338 2470 1402 locum
2494 1336 2799 1424 equidem

688 1466 802 1531 pro
830 1442 1046 1529 spurio
1077 1464 1204 1507 non
1234 1441 1588 1519 habuerim,
1623 1442 1930 1529 quoniam
1961 1440 2236 1526 scriptor
2263 1448 2626 1519 accuratuS,
2659 1460 2802 1502 nar-

688 1545 842 1609 ratis
870 1543 1136 1607 aliorum
1164 1543 1407 1609 ducum
1446 1544 1527 1608 ad
1561 1543 1816 1608 Thebas
1848 1542 2026 1619 satiS,
2057 1541 2164 1606 hic
2205 1540 2461 1605 Adrasti
2492 1540 2802 1605 celebrem

683 1646 906 1733 fugam
952 1655 1163 1711 tacere
1205 1646 1311 1709 vix
1364 1646 1594 1733 potuit.
1685 1646 1776 1709 At
1821 1666 1936 1708 cur
1986 1644 2112 1707 ista
2161 1644 2328 1707 inter
2374 1641 2804 1707 Antimachea

690 1748 1033 1827 retulerim,
1082 1747 1246 1827 haec,
1294 1748 1445 1813 licet
1488 1748 1649 1812 forte
1692 1746 1983 1825 debilior,
2021 1768 2217 1811 causa
2264 1756 2384 1824 est,
2421 1744 2596 1832 quod
2647 1743 2804 1807 Bar-

687 1850 865 1914 thius
906 1850 988 1914 ad
1032 1849 1193 1915 Stat.
1222 1850 1343 1914 Th.
1380 1850 1474 1929 11,
1512 1850 1653 1914 197.
1684 1849 1747 1911 in
1786 1848 2072 1934 margine
2111 1847 2254 1912 cod.
2292 1846 2573 1911 Palatini
2605 1846 2808 1932 Apol-

692 1951 894 2016 lodori
942 1951 1151 2017 verbis
1199 1951 1525 2039 adjectum
1573 1951 1876 2038 reperisse
1923 1973 1990 2014 se
2043 1958 2345 2014 testatur:
2392 1947 2801 2035 Ἀντιμάχου.

694 2054 878 2117 Latet
934 2054 1103 2117 enim
1156 2054 1354 2141 hujus
1415 2053 1656 2139 adjecti
1717 2051 2082 2117 auctoritas
2173 2050 2528 2116 Verborum
2590 2063 2800 2114 tamen

691 2156 938 2220 numeri
987 2178 1249 2220 manum
1291 2156 1527 2221 heroici
1580 2164 1784 2241 poetae
1827 2156 2088 2241 prodere
2129 2154 2446 2218 videntur.
2537 2154 2708 2219 Nam
2737 2154 2806 2217 in

690 2260 965 2323 solutam
993 2259 1345 2324 orationem
1377 2258 1676 2346 quamvis
1717 2258 1989 2321 subinde
2019 2256 2375 2321 hexametri
2405 2257 2659 2321 initium
2689 2265 2805 2321 aut

686 2360 978 2424 clausula
1029 2359 1368 2446 irrepserit,
1414 2348 1737 2447 integrum
1792 2369 2007 2426 tamen
2065 2381 2312 2423 versum
2366 2358 2801 2424 hexametrum

687 2460 844 2526 mihi
886 2461 1175 2549 quidem,
1224 2461 1289 2527 in
1330 2462 1578 2527 Graecis
1621 2471 1810 2541 certe,
1851 2460 2140 2526 nondum
2183 2462 2536 2529 occurrisse
2582 2462 2801 2527 fateor.

688 2563 930 2627 Verum
978 2586 1219 2645 versuS,
1253 2573 1324 2628 ut
1369 2586 1541 2628 nunc
1589 2572 1710 2644 est,
1758 2586 1987 2651 parum
2035 2564 2230 2628 habet
2273 2564 2505 2651 poetici
2553 2564 2804 2645 coloris,

687 2667 804 2730 sed
835 2664 1008 2729 hunc
1042 2667 1375 2731 restituere
1406 2666 1620 2731 conati
1653 2675 1807 2731 sunt
1840 2665 2151 2730 Barthius
2180 2667 2223 2730 l.
2254 2688 2310 2731 c.
2341 2674 2408 2731 et
2433 2665 2574 2730 Cel.
2611 2666 2803 2731 Mits-

684 2766 965 2831 cherlich
1000 2766 1209 2853 Epist.
1243 2766 1403 2832 crit.
1434 2791 1499 2854 p.
1531 2769 1661 2848 33„
1691 2768 1796 2832 hic
1821 2767 2082 2854 quidem
2110 2768 2381 2833 feliciter
2407 2768 2540 2832 sic:

1006 2941 1373 3029 ’Ἄδραστον
1404 2940 1467 3009 δὲ
1496 2945 1703 3027 μόνον
1735 2941 1873 3020 δῖος
1907 2941 2198 3011 διέσωσεν
2227 2944 2483 3031 Ἀρίων,

689 3120 974 3208 epitheto
1000 3142 1078 3184 ex
1111 3118 1390 3185 Homero
1428 3119 2099 3185 desumt0.—Adrasti
2131 3144 2166 3185 e
2195 3120 2430 3186 Thebis
2471 3122 2630 3210 fuga
2656 3147 2804 3189 cum

690 3223 948 3289 Arionis
982 3222 1321 3287 velocitate
1359 3223 1638 3286 multum
1677 3222 1982 3287 celebrari
2011 3245 2064 3291 .a
2103 3224 2310 3310 poetis
2341 3224 2584 3290 debuit.
2675 3225 2803 3290 Sed

691 3326 892 3415 quaeri
927 3325 1099 3406 licet,
1130 3345 1246 3388 cur
1283 3324 1348 3388 in
1389 3324 1545 3412 fuga
1566 3310 1870 3402 ⁸Adrasti,
1901 3324 2016 3413 qui
2057 3334 2293 3405 tamen,
2325 3336 2398 3391 ut
2424 3335 2612 3391 antea
2644 3329 2806 3393 vidi-

693 3450 860 3508 mus»,
891 3426 1061 3513 bigis
1092 3434 1313 3490 vectus
1344 3433 1465 3505 est,
1493 3434 1560 3489 et
1601 3424 1728 3505 hic,
1759 3434 1825 3490 et
1856 3426 1923 3491 in
1963 3426 2223 3493 alterius
2260 3428 2607 3494 Thebaidis
2635 3431 2806 3519 fiag-

690 3539 924 3606 ment0,
956 3529 1038 3591 ad
1082 3526 1166 3591 N.
1201 3525 1710 3608 XV111.‚allat0,
1744 3527 1936 3593 unius
1980 3538 2230 3594 tantum
2263 3530 2521 3597 Arionis
2563 3533 2804 3597 mentio

689 3632 822 3695 fiat.
914 3630 1017 3693 An
1056 3628 1366 3709 dicamuS,
1398 3629 1748 3715 equitando
1783 3652 1932 3694 eum
1974 3634 2339 3697 servatum?
2432 3634 2622 3700 Certe
2661 3636 2804 3702 haec

688 3753 817 3811 ατε,
842 3730 963 3795 etsi
984 3730 1306 3799 Thebanis
1333 3729 1756 3817 Trojanisque
1781 3733 2174 3819 temporibus
2203 3734 2266 3797 in
2301 3735 2486 3800 bellis
2515 3737 2799 3802 nondum

692 3840 1017 3918 usurpata,
1057 3852 1186 3897 non
1228 3833 1489 3897 omnino
1537 3842 1691 3896 tunc
1737 3832 1962 3920 ignota
2006 3835 2149 3916 fuit,
2187 3837 2364 3923 quod
2410 3848 2474 3902 et
2519 3838 2807 3904 centau-

691 3956 901 3999 rorum
922 3934 1184 4019 mythus
1214 3935 1449 4021 arguit,
1467 3947 1531 3999 et
1564 3935 1699 4021 ipse
1722 3934 2045 4001 Homerus
2069 3939 2254 4003 docet
2280 3939 2356 4006 Il.
2381 3970 2435 4007 κ.
2465 3941 2614 4020 513,
2633 3965 2775 4031 sqq.
2785 3992 2806 4022 ,

690 4034 773 4099 ad
800 4055 996 4121 quem
1029 4033 1241 4098 locum
1278 4056 1409 4101 non
1438 4057 1570 4101 una
1598 4057 1796 4101 causa
1819 4037 2237 4103 difficiliorem
2271 4041 2411 4106 haec
2440 4043 2807 4129 pensicula-

689 4137 817 4202 tius
849 4135 913 4199 in
937 4134 1319 4202 lectionibus
1349 4137 1586 4225 egregii
1627 4138 1826 4204 nostri
1857 4138 2077 4205 Wolfii
2109 4150 2385 4209 tractata
2409 4144 2800 4213 audivimuS.
