3125 5009
710 315 847 383 100
1352 328 1800 383 AN'rlMAcffl·
1835 330 2239 387 RELmuiAE.

703 484 967 549 fuerunt
994 480 1408 568 Tragicorum
1455 466 1790 545 sententiae
1835 500 1912 545 ac
1957 479 2170 557 verba,
2199 497 2350 565 quae
2391 474 2543 540 alibi
2575 472 2826 537 Aristo-

706 585 953 674 phanes
986 583 1339 671 saepissime
1372 582 1559 647 salsis
1591 582 1870 670 parodiis
1901 582 2075 646 lusit.
2126 580 2263 645 Nec
2282 602 2434 645 vero
2457 576 2824 662 exemplum

710 689 937 754 adesse
965 696 1146 774 put0,
1180 687 1289 751 ubi
1316 687 1582 750 doctum
1613 696 1678 751 et
1706 686 2108 751 reconditum
2133 682 2458 771 scriptoris
2487 704 2672 769 opuS,
2693 701 2824 743 non

708 790 1123 855 audientibus
1155 799 1220 854 et
1258 788 1718 869 ediscentibus,
1750 790 1864 853 sed
1904 788 2269 876 legentibus
2305 784 2759 873 compositum,
2793 804 2832 845 a

713 893 982 958 Comico
1012 892 1105 956 ita
1144 890 1548 971 adhibeatur,
1582 914 1697 957 nec
1728 892 1982 957 videtur
2010 890 2076 955 id
2108 890 2244 955 fieri
2270 890 2583 977 potuisse.
2672 886 2830 949 Tale

711 1004 929 1063 autem
958 1017 1121 1081 opus
1151 993 1523 1059 Antimachi
1548 1016 1702 1080 epos
1723 994 2096 1059 habendum
2119 1016 2159 1058 a
2180 992 2369 1057 nobis
2391 1000 2578 1056 esset.
2625 987 2827 1067 Quid,

714 1098 891 1185 quod
932 1096 1041 1161 illo
1080 1105 1387 1185 tempore,
1414 1119 1545 1185 quo
1576 1096 1917 1163 Comoedia
1948 1106 2092 1162 acta
2127 1105 2246 1176 est,
2267 1096 2392 1161 hoc
2426 1092 2828 1180 est,Olymp.

714 1201 817 1265 89.
860 1202 952 1280 3.,
982 1199 1233 1263 nullum
1276 1200 1476 1265 nostri
1517 1210 1724 1287 poetae
1771 1222 2030 1267 carmen
2076 1200 2167 1264 ita
2211 1198 2456 1264 celebre
2495 1206 2561 1261 et
2599 1205 2828 1259 notum

714 1323 858 1367 esse
882 1301 1116 1389 potuit,
1142 1311 1217 1366 ut
1248 1324 1365 1366 sua
1394 1302 1491 1367 vis
1522 1312 1692 1367 esset
1711 1302 1833 1389 *huj
1847 1303 2095 1367 usmodi
2117 1300 2436 1367 allusioni.
2527 1298 2828 1385 Denique

716 1403 996 1491 reliquos
1026 1425 1271 1485 versuS,
1297 1426 1337 1469 a
1366 1404 1582 1491 pueris
1612 1404 1820 1469 editos
1844 1428 1902 1469 v.
1937 1406 2120 1469 1271.
2155 1427 2255 1492 sq.
2293 1404 2480 1467 1275.
2516 1402 2696 1466 1279.
2723 1424 2828 1489 sq.

712 1506 767 1569 si
812 1505 1127 1585 conferas,
1165 1506 1278 1593 qui
1328 1508 1559 1593 partim
1602 1506 1926 1571 Homerici
1972 1515 2147 1585 sunt,
2188 1506 2423 1593 partim
2470 1505 2551 1569 ad
2596 1504 2830 1567 horum

714 1606 1043 1693 exemplar
1070 1607 1331 1688 tornati,
1364 1618 1647 1673 ceterum
1678 1609 1787 1673 illa
1824 1618 2013 1674 aetate
2044 1608 2381 1688 notissimi,
2413 1608 2584 1695 quod
2616 1606 2830 1694 ipsum

716 1708 796 1772 de
846 1707 1275 1773 Archilochiis
1327 1732 1585 1804 quoque
1637 1734 1696 1776 v.
1725 1712 1945 1787 1296.
1995 1734 2092 1799 sq.
2139 1710 2504 1789 dicendum,
2547 1710 2832 1773 elevatur

716 1831 897 1896 paene
921 1810 1129 1875 omnis
1159 1811 1321 1876 fides
1346 1810 1746 1893 Scholiastae,
1771 1813 2163 1879 Antimacho
2185 1835 2442 1877 versum
2464 1811 2828 1877 tribuentis.

718 1911 993 1977 Accedit
1022 1912 1239 1993 etiam,
1270 1914 1449 2001 quod
1480 1924 1708 1980 auctor
1740 1916 2018 1981 Certam.
2054 1915 2244 1980 Hom.
2275 1924 2341 1979 et
2372 1914 2640 1979 Hesiodi
2669 1935 2832 1979 eun-

714 2015 863 2079 dem
906 2036 1176 2093 versum,
1207 2028 1535 2104 tamquam
1561 2018 1817 2083 initium
1859 2018 2321 2107 Epigonorum,
2351 2018 2431 2082 ad
2474 2017 2829 2082 Homerum

717 2116 930 2195 refert,
962 2116 1076 2203 qui
1116 2117 1293 2183 locus
1324 2140 1363 2182 a
1395 2119 1688 2185 Bentleio
1732 2121 1855 2209 Ep.
1885 2121 1965 2185 ad
2001 2120 2172 2186 Mill.
2195 2122 2276 2207 ’μ
2303 2120 2450 2185 504.
2483 2120 2828 2199 indicetne,

717 2220 785 2283 in
824 2217 1063 2281 noviss
1117 2217 1385 2285 Hesiod.
1428 2222 1584 2302 edit,
1623 2246 1685 2312 p.
1719 2222 1868 2288 492.
1911 2222 2004 2287 sic
2048 2231 2299 2287 exstat:
2349 2221 2424 2290 ‘0
2459 2221 2522 2290 δὲ
2541 2221 2832 2309 ’Όμηρος

718 2320 1069 2407 ἀποτυχὼν
1097 2330 1211 2398 τῆς
1242 2327 1437 2400 νίκης,
1460 2326 1952 2412 περιερχόμενος
1974 2325 2150 2412 ἔλεγε
2180 2327 2254 2392 τὰ
2279 2330 2609 2411 ποιήματα·
2659 2329 2834 2413 πρῶ-

718 2449 833 2489 τον
860 2427 975 2506 μὲν
1004 2425 1121 2499 τὴν
1152 2421 1472 2510 Θηβαΐδα,
1506 2427 1621 2503 ἕπη
1652 2429 1826 2507 ἑπτὰ,
1859 2432 1936 2504 ἧς
1966 2430 2004 2503 ἡ
2037 2426 2230 2516 ἆρχῆ·

964 2572 1216 2661 ’Ἄργος
1248 2572 1427 2656 ἄειδε,
1463 2578 1615 2653 eea,
1642 2576 2052 2665 πολυδίψιον,
2078 2577 2256 2648 ἔνθεν
2282 2567 2566 2655 ’ἕνακτεᾳ

720 2724 875 2791 Εἶτα
906 2722 1316 2812 Ἐπιγόνους,
1348 2727 1462 2803 ’έπη
1494 2729 1668 2807 ἑπτὰ,
1699 2730 1791 2796 ὧν
1823 2728 2017 2817 ἀρχή·

937 2881 1073 2940 Νῦν
1103 2873 1249 2941 αὖθ’
1275 2875 1644 2963 ὁπλοτέρων
1674 2877 1940 2967 ἀνδρῶν
1961 2881 2318 2969 ἀρχώμεθα,
2353 2890 2623 2951 Μοῦσαι.

720 3032 885 3091 Φασὶ
932 3024 1058 3113 γάρ
1104 3054 1269 3103 τινες
1317 3034 1414 3095 καὶ
1456 3035 1649 3096 ταῦτα
1693 3029 1974 3120 (Ομήρου
2017 3034 2191 3101 εἶναι.
2279 3034 2430 3101 Jam
2474 3036 2593 3101 etsi
2633 3036 2835 3125 hujus

713 3124 1040 3214 Anonymi
1088 3128 1439 3194 auctoritas
1486 3153 1618 3196 non
1666 3134 1917 3219 gravior
1967 3146 2084 3215 est,
2145 3160 2344 3225 quam
2393 3138 2589 3221 illius,
2633 3139 2834 3206 habet

714 3236 926 3293 tamen
960 3229 1015 3293 is
1044 3230 1467 3317 antiquiorem
1503 3234 1737 3299 famam
1769 3236 1893 3301 sibi
1918 3236 2260 3320 faventem,
2285 3240 2367 3306 de
2397 3264 2530 3329 qua
2551 3265 2611 3306 v.
2638 3265 2836 3332 supra

712 3350 779 3417 p.
812 3331 917 3396 23.
1010 3330 1315 3397 Ceterum
1346 3357 1475 3400 non
1505 3335 1734 3401 inutile
1773 3338 1894 3403 erit
1933 3362 2205 3423 monere,
2235 3343 2358 3409 hoc
2390 3344 2834 3432 Epigonorum

711 3433 1046 3498 exordium
1094 3434 1487 3503 simillimum
1536 3461 1679 3504 esse
1723 3440 1842 3522 illi,
1890 3465 2021 3530 quo
2071 3444 2398 3512 Hesiodus
2433 3457 2508 3515 Θ.
2539 3473 2600 3515 v.
2641 3451 2830 3518 1020.

710 3534 831 3598 sibi
865 3536 1035 3600 viam
1083 3546 1265 3623 parat
1312 3540 1394 3603 ad
1442 3539 1830 3629 Κατ-ἄλογον
1869 3551 2208 3632 γυναικῶν,
2239 3550 2321 3614 de
2351 3574 2484 3640 quo
2514 3576 2574 3617 v.
2599 3552 2825 3641 =Heyn.

710 3634 793 3699 V.
830 3635 932 3700 Ill.
983 3638 1065 3701 ad
1116 3641 1415 3725 Apollod.
1470 3666 1531 3729 p.
1587 3644 1760 3724 986„
1793 3647 2093 3714 nimirum
2141 3662 2215 3716 ut
2261 3652 2343 3717 ad
2395 3653 2568 3719 hunc
2617 3678 2825 3744 usque

705 3760 955 3803 versum
1002 3751 1212 3827 poeta,
1260 3744 1557 3832 quisquis
1613 3748 1826 3829 fuerit,
1879 3749 2202 3819 Thebaica
2252 3756 2461 3842 priora
2512 3768 2824 3845 perpetuo

704 3842 982 3907 carmine
1006 3842 1315 3911 tractasse
1341 3846 1536 3913 videri
1571 3848 1824 3916 debeat.
