3125 5009
1225 368 1574 419 THEBAis.
2352 354 2445 421 83

334 510 403 577 in
451 536 583 601 quo
612 515 867 581 Cronus
912 538 979 581 se
1024 519 1406 599 occultabat,
1446 520 1892 586 referendum?
1988 527 2323 609 Δρέπανον
2365 544 2444 587 ex

338 611 494 678 ΗΕΒ.
554 623 799 683 notum.
892 617 1055 683 Mox
1111 620 1480 706 ἀποτέμνων
1533 622 1943 710 jungendum
2001 633 2066 687 et
2122 644 2242 688 scr.
2299 625 2447 691 ἄπο.

334 716 733 802 Ἀκμονίὸης,
757 720 1023 785 doctum
1052 725 1569 811 patronymicum
1592 724 1819 805 Urani,
1850 747 2046 813 quem
2075 725 2451 811 exquisitior

338 817 575 904 aliquis
613 819 923 907 physicus
953 824 1213 909 mythus
1245 825 1551 892 Acmonis
1593 826 1802 891 filium
1844 826 2210 891 tradiderat.
2299 824 2452 889 Alc-

338 940 593 985 manem
632 922 713 986 ad
760 944 900 989 eam
942 946 1075 989 rem
1104 948 1139 989 e
1170 925 1549 994 Scholiastis
1592 928 1724 993 suis
1768 928 1994 993 laudat
2038 928 2344 995 Eustath.
2382 952 2444 1013 p.

345 1020 533 1086 1154.
569 1023 671 1087 23.
697 1024 802 1103 R„
826 1027 1015 1112 cujus
1041 1029 1231 1093 verba
1260 1030 1454 1094 simul
1476 1031 1730 1110 docent,
1754 1028 2142 1118 paullo‘ante
2166 1053 2230 1117 p.
2263 1032 2448 1096 1150.

336 1123 378 1187 l.
412 1124 515 1189 58.
548 1147 660 1211 pro
692 1131 729 1193 ὁ
757 1134 870 1194 τοῦ
904 1132 1159 1217 Κρόνου
1188 1131 1664 1218 πατὴρ”Ακμων
1693 1133 1970 1200 ἐκαλεῖτο
1993 1132 2182 1197 scribi
2200 1132 2452 1211 debere,

342 1230 380 1292 ὁ
409 1234 524 1293 τοῦ
555 1230 872 1315 Οὐρανοῦ,
904 1232 1025 1295 nisi
1066 1230 1201 1319 ipse
1244 1231 1345 1296 sui
1393 1232 1724 1298 immemor
1761 1234 1958 1299 fuisse
1996 1234 2310 1298 dicendus
2343 1234 2452 1297 sit.

338 1330 477 1394 Nec
513 1354 729 1397 verum
766 1332 1021 1397 videtur
1060 1333 1245 1414 illud,
1275 1355 1425 1399 cum
1466 1334 1534 1398 in
1575 1336 1782 1400 tribus
1827 1336 1982 1401 locis
2031 1334 2448 1422 superstitum

333 1442 684 1521 poetarum,
707 1434 772 1497 in
801 1436 1038 1522 quibus
1065 1434 1187 1501 hoc
1217 1458 1447 1501 nomen
1478 1446 1799 1502 servatum
1822 1437 2058 1517 inveni,
2085 1445 2450 1502 constanter

336 1530 558 1599 Urano
580 1534 920 1615 tribuatur,
945 1559 1071 1601 nou
1105 1535 1400 1603 Saturno.
1451 1538 1619 1603 Nam
1651 1560 1803 1603 cum
1829 1548 2046 1602 nostro
2075 1539 2160 1602 cf.
2193 1536 2444 1602 callim.

336 1634 591 1723 Fragm.
653 1638 799 1701 147.
848 1659 928 1702 ex
983 1639 1203 1726 Etym.
1254 1639 1355 1703 M.
1406 1640 1712 1705 haustum
1774 1663 1840 1727 p.
1889 1640 1994 1705 94.
2054 1649 2118 1704 et
2165 1637 2450 1703 Simmiae

337 1736 607 1803 Carmen
643 1761 703 1803 v,
743 1739 798 1803 l.
865 1740 1075 1806 Anall.
1122 1740 1409 1807 Brunck.
1468 1742 1543 1806 T.
1580 1742 1632 1806 I.
1663 1764 1730 1829 p.
1764 1744 1936 1821 205„
1967 1762 2164 1828 quem
2194 1762 2448 1805 versum

334 1839 550 1906 Schol.
586 1842 657 1905 T.
694 1842 819 1906 III.
853 1866 917 1930 p.
950 1844 1053 1909 43.
1095 1844 1308 1909 editus
1350 1846 1441 1909 sic
1476 1846 1718 1910 reddit:
1764 1844 1963 1931 Ὁρᾷς
1990 1871 2063 1929 με
2091 1870 2207 1909 τον
2235 1852 2358 1928 γῆς
2387 1870 2450 1907 τε

334 1934 590 2025 {vani-a,
624 1952 722 2013 καὶ
762 1948 876 2014 τὸν
918 1948 1216 2034 Οὐρανὸν
1264 1947 1436 2035 ἄλλῃ
1477 1945 1845 2035 ἑδράσαντα,
1871 1945 1982 2009 ubi
2018 1946 2082 2008 in
2120 1953 2302 2008 textu
2329 1952 2452 2019 est,

339 2044 723 2131 Ἀκμονίδαν
752 2046 1024 2125 ἄλλυδις
1054 2046 1419 2136 ἑδράσαντα.

1262 2437 1521 2504 XXVI.

657 2676 954 2758 -Τότε
996 2675 1069 2773 δὴ
1105 2679 1399 2783 χρυσείῳ
1442 2675 1553 2759 sivi
1597 2674 1972 2781 ὃεπάστρῳ

618 2785 875 2871 Ἠέλιον
915 2787 1314 2898 πίμπεσκεν
1352 2784 1803 2897 ἀγακλυμένη
1839 2786 2156 2893 Ἐρύθεια.

344 3055 753 3119 ATHENAEUS
796 3052 923 3118 XI.
967 3077 1031 3141 p.
1062 3052 1214 3118 469.
1291 3051 1436 3119 Ὀτι
1487 3058 1586 3119 καὶ
1641 3057 1678 3119 ὁ
1713 3050 1950 3129 ’Ἤλιος
1995 3054 2094 3117 ἐπὶ
2147 3053 2451 3134 ποτηρίου

343 3155 741 3243 &examita-o
793 3160 891 3224 ἐπὶ
941 3160 1059 3235 τὴν
1110 3152 1312 3235 δύσιν,
1364 3160 1770 3242 Στησίχορος
1819 3158 1933 3235 μὲν
1984 3151 2190 3226 οὕτως
2239 3154 2454 3236 φησίν·

333 3260 565 3336 ’Ἅλιος
612 3257 668 3327 δ’
708 3255 1146 3347 Ὑπεριονίδας
1189 3286 1242 3323 κ.
1285 3257 1538 3323 λ.-καὶ
1581 3257 1972 3343 Ἀντίμαχος
2018 3254 2222 3328 οὕτως
2267 3251 2456 3337 λέγει·

348 3364 501 3428 Τότε
526 3359 601 3439 δὴ
634 3364 869 3448 εὐχρὲῳ
898 3364 965 3428 ἐν
995 3357 1170 3427 δέπαϊ
1200 3359 1454 3425 Ἠέλιον
1485 3388 1537 3425 κ.
1568 3358 1633 3424 λ.
1723 3356 1942 3422 Verba.
1977 3352 2350 3419 Antimachi
2388 3351 2457 3417 in

346 3461 661 3550 principio
690 3460 1169 3547 corruptissima
1196 3460 1310 3539 sic,
1342 3468 1416 3523 ut
1442 3458 1652 3547 posui,
1680 3457 2042 3523 emendavit
2069 3454 2352 3521 Casaub.
2373 3454 2457 3517 ad

349 3564 585 3629 Athen.
609 3586 673 3650 p.
701 3563 847 3628 790.
940 3562 1155 3649 Ipsam
1185 3561 1493 3641 fabulam,
1512 3583 1662 3647 quae
1695 3558 1911 3624 Solem
1939 3556 2174 3646 poculo
2201 3562 2460 3620 vectum

347 3666 621 3747 inducit,
654 3673 870 3729 natam
910 3662 1165 3728 credere
1202 3662 1356 3728 licet
1394 3683 1476 3727 ex
1518 3660 1880 3748 antiquiore
1916 3656 2226 3745 loquendi
2265 3676 2458 3733 more,

346 3769 559 3834 minus
589 3768 749 3832 bene
778 3774 846 3831 et
873 3764 1121 3851 proprie
1149 3764 1495 3829 intellecto.
1574 3760 1765 3840 Nam,
1796 3768 1870 3825 ut
1900 3758 2184 3824 Casaub.
2206 3758 2254 3821 1.
2274 3758 2319 3821 l.
2348 3756 2462 3836 ait,

347 3870 562 3959 poculi
610 3890 685 3933 ac
733 3866 973 3955 navigii
1019 3866 1243 3931 eadem
1290 3866 1486 3931 ferme
1528 3864 1682 3929 olim
1730 3864 1988 3928 fuerunt
2033 3870 2102 3925 et
2142 3860 2351 3945 figura
2395 3867 2464 3923 et

347 3994 601 4052 nomen,
635 3979 710 4036 ut
731 3967 965 4057 κύμβη,
990 3967 1288 4055 κυμβίον,
1309 3966 1852 4047 &scaros-,dictinum
1868 3968 2115 4051 σκαφῖς,
2126 3958 2461 4047 κάνθαρος.

352 4073 485 4139 Sed
514 4074 715 4138 otium
738 4072 897 4136 mihi
920 4071 1027 4136 hic
1050 4071 1339 4134 fecerunt
1360 4069 1475 4133 viri
1498 4065 1936 4145 eruditissimi,
1974 4062 2308 4129 Bentleius
2335 4060 2466 4125 Re-

352 4172 673 4263 sponS.“ad
704 4172 892 4261 Boyl.
911 4195 976 4260 p.
996 4172 1143 4237 213.
1164 4170 1266 4235 ed.
1292 4171 1466 4258 Lips.
1489 4168 1706 4256 Heyn.
1732 4168 1800 4232 in
1829 4166 2012 4233 Nott.
2045 4165 2128 4229 ad
2160 4162 2460 4250 Apollod.

353 4277 580 4365 p.393.
671 4274 973 4341 Sucbfort
1006 4274 1325 4361 Fragmm.
1362 4270 1708 4337 Stesichori
1741 4292 1806 4357 p.
1852 4270 1951 4333 14.
2041 4266 2142 4331 De
2173 4264 2464 4353 Erythia,
