3125 5009
677 298 772 369 74
1285 307 1724 363 AN‘rtMAcm
1762 308 2168 364 RELIQUIAE.

690 464 973 553 Hesych.
1006 486 1067 527 v.
1096 461 1477 551 ἆμορβεΰων
1494 460 1817 526 adducta:
1862 455 2394 545 Ἀμορβεΰειν,τὸ
2419 446 2792 518 ἆκολουθεῖι)

686 574 785 636 καὶ
815 569 1159 652 ὑπηρετεῖν.
1253 564 1340 627 At
1374 568 1708 651 ἐπίκουρος
1747 584 1826 627 eo
1866 582 2082 639 sensu,
2120 578 2313 644 quem
2355 552 2609 618 Berkel.
2641 547 2796 625 vult,

687 690 837 735 cum
870 666 1151 755 genitivo
1175 666 1316 751 conj
1328 674 1618 744 unctum,
1647 684 1950 752 magnam
1976 660 2172 725 habet
2199 655 2623 722 insolentiam.

1487 979 1498 990 ’
1622 981 1884 1047 XVIII.

930 1178 1283 1289 Δήμητρος
1324 1176 1459 1259 τόθι
1500 1174 1712 1276 φασίν
1747 1172 2058 1279 Ἐριννύος
2095 1168 2256 1271 εἶναι
2299 1168 2613 1252 &senous

707 1388 1035 1453 PAusAN.
1069 1386 1301 1451 Arcad.
1344 1408 1400 1449 c.
1440 1386 1545 1449 25.
1589 1405 1653 1469 p.
1696 1382 1844 1447 649.
1887 1381 1953 1444 in
1993 1381 2129 1469 agri
2172 1378 2503 1467 Thelpusii
2535 1377 2817 1466 descrip-

703 1491 899 1569 tione,
930 1490 1241 1555 rationem
1272 1510 1388 1553 cur
1416 1485 1612 1552 Ceres
1654 1483 1975 1570 Erinnyos
2015 1483 2274 1548 nomine
2315 1482 2578 1562 venerit,
2608 1481 2820 1545 reddi-

707 1602 893 1658 turus
940 1591 1032 1657 sic
1078 1592 1213 1671 θὴς
1272 1589 1620 1677 Ὁμολογεῖ
1664 1592 1841 1675 σφίσι
1886 1585 2343 1665 (Θελπουσίοις
2390 1589 2452 1652 οἱ
2501 1588 2618 1671 τὴν
2666 1586 2821 1651 θεὸν

710 1693 1013 1761 καλοῦσιν
1057 1694 1385 1781 Ἐριννῦν)
1434 1697 1531 1758 καὶ
1583 1691 1998 1777 Ἀντίμαχος,
2046 1691 2470 1774 ἐπιστρατείαν
2511 1687 2822 1775 Ἀργείων

707 1799 981 1873 ποιῆσας
1010 1799 1075 1872 ἐς
1113 1793 1363 1882 Θήβας·
1410 1798 1508 1859 καὶ
1549 1796 1612 1858 οἱ
1649 1793 1723 1858 τὸ
1750 1792 1913 1866 ἔπος
1946 1791 2093 1877 ἔχει·
2143 1792 2480 1876 Δήμητρος
2510 1820 2562 1856 κ.
2588 1789 2650 1856 λ.
2744 1788 2824 1852 In

710 1897 950 1984 quibus
981 1896 1211 1975 verbis,
1241 1904 1313 1959 ut
1348 1896 1418 1958 in
1448 1903 1818 1960 transcursu
1850 1913 2167 1971 moneam,
2201 1891 2466 1955 Latinus
2495 1891 2824 1979 intel-pree,

711 2006 961 2064 vertens
992 1998 1259 2063 alteram
1290 1996 1671 2085 Argivorum
1701 1994 2164 2081 expeditionem,
2193 2016 2427 2060 novum
2456 1995 2826 2060 Antimachi

712 2122 877 2187 opus
906 2110 1141 2165 temere
1168 2108 1233 2165 et
1258 2099 1513 2187 proprio
1543 2097 1782 2186 profert
1810 2096 2097 2185 ingenio.
2146 2095 2481 2184 Oppidum
2510 2098 2826 2178 Arcadiae,

713 2201 794 2266 de
829 2224 961 2290 quo
999 2225 1100 2289 ap.
1135 2202 1423 2267 Pausan.
1462 2222 1689 2281 serm0,
1721 2200 1788 2263 in
1838 2199 2012 2264 edito
2043 2199 2202 2263 colle
2232 2199 2563 2287 quondam
2601 2200 2824 2282 situm,

719 2324 839 2369 nec
868 2304 1385 2400 longe‘dissitum
1424 2325 1465 2367 a
1505 2301 1855 2389 Psophide,
1885 2311 1950 2367 et
1989 2301 2349 2380 Θέλπουσα,
2379 2312 2445 2366 et
2474 2302 2832 2398 Τέλφουσα,

720 2405 865 2471 aliis
891 2405 1288 2493 Τέλφουσσα,
1323 2415 1393 2471 ut
1424 2404 1697 2492 Polybio
1730 2402 1822 2484 11,
1853 2406 1980 2483 54„
2003 2404 2179 2491 apud
2211 2402 2431 2492 Steph.
2460 2428 2610 2471 vero
2639 2406 2829 2472 etiam

722 2507 1078 2575 θάλπουσα
1105 2507 1426 2586 scribitur,
1450 2516 1670 2571 utnon
1699 2507 1906 2571 minor
1927 2506 2033 2571 hic
2057 2505 2330 2571 varietas
2353 2506 2688 2593 scripturae
2718 2508 2826 2587 sit,

723 2631 917 2698 quam
972 2611 1039 2674 in
1091 2610 1345 2676 nomine
1395 2609 1776 2697 Delphusae,
1830 2608 2069 2675 Boeotii
2126 2608 2344 2690 fontiS‚
2397 2631 2598 2697 quam
2648 2610 2835 2676 docte

723 2722 1010 2777 recenset
1046 2712 1397 2779 Ruhnken.
1425 2712 1507 2775 V.
1541 2712 1681 2778 Cel.
1729 2712 1853 2802 Ep.
1895 2713 2034 2778 crit.
2078 2737 2140 2800 p.
2180 2714 2280 2777 17.
2321 2712 2420 2779 ed.
2463 2735 2610 2778 nov.
2703 2712 2834 2779 Sed

723 2813 789 2877 in
807 2814 1108 2881 Arcadici
1132 2814 1349 2903 oppidi
1375 2814 1616 2879 finibus
1636 2815 1918 2879 Pausan.
1945 2824 2252 2882 memorat
2274 2814 2578 2895 Oncium,
2597 2814 2836 2897 vicum,

724 2923 801 2979 ut
832 2914 1085 2981 Kiihnii
1112 2915 1502 2983 correctione
1528 2925 1695 2998 utar,
1721 2918 1803 2981 ab
1829 2916 2014 2983 Onco
2037 2916 2191 2982 olim
2214 2928 2568 3007 regnatum.
2620 2918 2839 3006 Hujus

726 3020 931 3106 reguli
961 3021 1284 3100 armentis,
1316 3018 1660 3085 narrabant
1683 3020 1934 3099 incolae,
1966 3019 2262 3086 Cererem
2292 3042 2359 3085 se
2389 3019 2838 3102 immiscuisse,

731 3119 1024 3209 Neptuni
1070 3131 1144 3187 ut
1187 3122 1455 3189 insidias
1494 3123 1765 3209 fugeret,
1810 3144 1998 3210 equae
2039 3122 2306 3188 formam
2346 3123 2660 3206 indutam,
2691 3146 2838 3189 mox

726 3228 943 3285 tamen
973 3242 1015 3289 a
1038 3220 1180 3301 deo,
1202 3221 1270 3284 in
1298 3243 1537 3309 equum
1566 3229 1634 3286 et
1659 3220 1803 3308 ipso
1833 3229 2103 3300 mutat0,
2121 3220 2350 3285 initam
2382 3221 2599 3288 fuisse.
2691 3222 2840 3297 Qua

730 3322 812 3389 de
864 3344 931 3389 re
992 3324 1149 3390 mire
1208 3325 1423 3391 animo
1484 3332 1873 3390 commotam
1927 3324 2217 3389 Cererem
2269 3346 2534 3390 causam
2587 3326 2843 3392 dedisse

730 3428 1119 3517 cognomini,
1148 3428 1449 3493 nimirum
1482 3436 1557 3492 ut
1593 3427 1892 3514 Ἐριννὺς
1923 3449 1962 3491 a
1989 3426 2350 3515 Thelpusiis
2383 3438 2731 3510 vocaretur,
2759 3431 2843 3495 ab

733 3536 1057 3619 ἐριννῦειυ,
1111 3530 1285 3618 quod
1338 3529 1493 3595 hinc
1544 3551 1664 3617 pro
1719 3529 2088 3618 ὀργίζεσθαι
2145 3531 2315 3617 apud
2370 3531 2658 3597 Arcades
2716 3534 2848 3599 dici

732 3645 918 3700 notat
945 3633 1163 3718 Etym.
1203 3632 1301 3697 M.
1333 3654 1394 3719 p.
1424 3633 1581 3697 374..
1663 3630 1809 3695 Hoc
1847 3631 2109 3720 quidem
2143 3633 2241 3697 vel
2279 3634 2362 3699 ad
2394 3656 2612 3700 versus
2641 3636 2848 3723 ipsius

733 3735 1221 3822 explicationem
1278 3734 1628 3801 dicendum
1686 3742 1838 3797 erat.
1916 3732 2238 3803 Ἔδεθλον
2295 3736 2360 3801 h.
2412 3737 2456 3801 l.
2512 3760 2626 3825 pro
2682 3737 2849 3816 ἕδος,

737 3837 969 3903 Suidas
998 3838 1166 3924 expl.
1200 3835 1494 3924 ἕδρασμα.

1434 4138 1465 4171 ··
1495 4118 1660 4195 'vide
1694 4120 1865 4213 mag.
1899 4136 2154 4194 xxxn.
