3125 5009
667 329 762 396 70
1278 352 1323 397 A
1339 348 1718 397 N'rumcffl
1777 344 2178 402 amioum.

668 500 993 565 notandus
1023 509 1143 579 est,
1172 500 1254 565 ob
1284 508 1412 563 tres
1455 520 1645 564 voces
1674 497 1994 583 antiquas.
2086 490 2424 581 Exemplis
2451 497 2670 555 autem
2698 484 2784 549 ab

670 600 987 667 Athenaeo
1018 601 1230 667 allatis
1270 600 1463 687 adjici
1496 609 1710 688 potest
1737 620 1960 665 versus
1991 593 2444 682 EuphorioniS‚
2472 598 2698 677 poetae,
2729 587 2785 649 si

668 702 817 789 quis
860 703 1044 783 alius,
1084 704 1481 768 locutionum
1527 703 1959 768 obsoletarum
2003 696 2357 775 sectatoriS,
2401 716 2502 781 ap.
2559 688 2780 755 Schol.

666 802 902 869 Theoc.
931 804 1020 883 II,
1038 806 1103 885 2,
1125 804 1349 882 ’Όστις
1371 809 1524 891 ἐμὴν
1552 802 1824 891 κελέβην
1848 796 2211 888 Ἀλυβηΐὸα
2237 804 2480 883 μοῦνον
2510 794 2781 878 ἀπηύρα.

1675 1186 1869 1249 XIII.

895 1373 1204 1480 Κήρυκας
1243 1370 1639 1454 ἀθανάτοισι
1681 1369 1883 1477 φέρειν
1920 1368 2213 1479 μέλανος
2250 1366 2458 1462 οἴνοιο,

894 1482 1138 1565 Ἀσ-κδν
1179 1483 1511 1565 ἐνίπλειον
1553 1481 1900 1578 κελεβῆἱὸν
1937 1482 2091 1563 ’ὅττι
2134 1478 2460 1586 φέριστον,

896 1592 1096 1676 Οἷσιν
1128 1593 1212 1676 ἐνὶ
1251 1592 1570 1702 μεγάροις
1609 1610 1830 1675 κεῖται
1868 1590 2148 1702 μέλιτος
2186 1590 2578 1687 πεπληθῦςζ

668 1803 951 1867 Vssnsus
1004 1803 1197 1866 etiam
1252 1802 1371 1867 hos
1421 1801 1732 1866 debemus
1785 1800 2021 1866 Athen.
2080 1798 2203 1865 XI.
2261 1802 2323 1865 7.
2378 1824 2443 1889 p.
2495 1802 2646 1865 475.
2702 1800 2786 1864 de

670 1903 902 1992 κελέβῃ
930 1905 1145 1991 agenti
1170 1928 1189 1983 3
1232 1904 1624 1991 Ἀντίμαχος
1649 1908 1685 1969 ὁ
1714 1901 2136 1990 Κολοφώνιος
2164 1906 2231 1971 ἐν
2258 1906 2513 1991 πέμπτῳ
2538 1900 2787 1990 Θηβαΐ-

670 2003 782 2083 δος
813 2011 985 2093 φησὶ·
1034 2009 1328 2093 Κήρυκας
1368 2037 1419 2073 κ.
1452 2005 1518 2072 λ.
1615 2004 1845 2071 Sanari
1886 2004 1931 2068 ii
1973 2013 2322 2091 potuerunt
2358 2005 2486 2070 leni
2515 2003 2784 2083 medela,

666 2106 964 2193 primum,
1007 2116 1079 2171 ut
1128 2128 1377 2172 comma
1422 2116 1570 2194 post
1615 2107 1815 2173 οἴνοιο
1862 2105 2147 2188 tollatur,
2191 2127 2339 2170 mox
2387 2106 2700 2171 scribatur
2746 2108 2784 2173 ὅ

665 2210 778 2289 τῶι,
832 2208 1029 2296 idque
1086 2208 1521 2296 conjungatur
1579 2230 1728 2274 cum
1787 2231 1923 2296 seq.
1981 2230 2185 2288 versu,
2244 2207 2370 2273 hac
2429 2208 2784 2273 sententia:

666 2309 875 2375 Jussit
904 2310 1187 2375 dominus
1216 2310 1388 2391 (haec
1416 2310 1585 2375 enim
1616 2332 1763 2376 cum
1795 2310 2227 2396 superioribus
2257 2310 2419 2376 forte
2445 2310 2788 2405 intercide-

666 2418 869 2491 runt.)
907 2434 1218 2498 praecones
1257 2434 1367 2476 vas
1410 2412 1638 2499 efferre
1677 2411 1822 2476 vino
1859 2411 2138 2497 plenum,
2167 2412 2338 2500 quod
2374 2413 2674 2498 optimum
2714 2414 2784 2477 in

664 2513 894 2578 cedibus
920 2513 1253 2598 repositum
1278 2524 1445 2577 esset.
1539 2512 1701 2579 Haec
1731 2524 1947 2579 tamen
1972 2523 2047 2577 ut
2071 2514 2255 2593 leniS,
2280 2512 2372 2577 ita
2394 2514 2552 2578 levis
2584 2514 2786 2579 medi·

664 2615 811 2680 cina
856 2625 975 2692 est,
1013 2637 1163 2679 cum
1211 2616 1497 2680 nondum
1542 2614 1963 2701 intelligatur,
2005 2616 2118 2703 qui
2164 2637 2280 2681 vas
2325 2616 2607 2703 potuerit
2651 2602 2788 2681 dici

664 2716 866 2784 οἴνοιο
907 2716 1221 2784 ἐνίπλειον
1250 2716 1570 2803 simulque
1605 2717 1859 2801 μέλιτος
1903 2716 2257 2797 πεπληθός,
2299 2717 2367 2783 id
2408 2717 2584 2804 quod
2632 2719 2786 2783 doc-

662 2818 851 2882 tiores
882 2840 981 2882 me
1010 2818 1355 2883 docebunt.
1452 2817 1586 2884 Sed
1613 2819 1782 2905 prior
1812 2840 1902 2883 vs.
1939 2818 2153 2883 adhuc
2185 2820 2488 2884 mendum
2519 2820 2782 2885 occulit.

664 2916 797 2984 Ser.
830 2920 875 2983 f.
908 2924 1178 3007 κήρυκας
1218 2922 1460 2986 αὐτοῖσι
1499 2930 1614 2985 aut
1655 2919 1860 2985 simile
1902 2920 2082 3007 quid.
2174 2920 2431 3008 Quippe
2471 2921 2684 2987 media
2714 2923 2782 2987 in

662 3025 919 3108 κήρυκες
950 3042 1081 3085 non
1110 3021 1468 3108 corripitur,
1502 3030 1569 3086 et
1604 3023 1864 3108 quando
1897 3022 1990 3101 fit,
2017 3044 2238 3087 versus
2268 3044 2394 3087 non
2425 3024 2587 3089 liber
2613 3034 2710 3090 est
2739 3048 2780 3091 a

664 3122 799 3185 vitii
843 3122 1228 3210 suspicione.
1323 3121 1424 3186 Ita
1462 3123 1616 3187 olim
1662 3123 1738 3186 ΙΙ.
1782 3153 1839 3211 ρ.
1872 3123 2020 3188 324.
2063 3123 2298 3188 lectum
2341 3130 2553 3212 κήρυκι
2580 3127 2784 3195 Ἠπυ-

662 3220 825 3310 τίδῃ,
851 3245 1023 3288 nunc
1061 3224 1427 3288 restitutum
1458 3225 1666 3311 κήρυκ’
1694 3226 1843 3293 Ἠπ.
1940 3223 2068 3289 Sed
2107 3226 2412 3294 ἀθάνατοι
2443 3229 2540 3293 vel
2570 3251 2682 3316 per
2711 3254 2782 3297 se

665 3322 792 3388 huc
823 3346 951 3388 non
982 3325 1320 3412 pertinent.
1414 3326 1633 3404 Μέλας
1675 3326 1856 3404 οἶνος
1897 3335 1997 3391 est
2033 3330 2326 3417 ἐρυθρός,
2355 3337 2428 3393 ut
2461 3352 2634 3417 saepe
2675 3354 2780 3420 ap,

664 3423 883 3504 Hom„
913 3448 1042 3511 quo
1076 3426 1201 3490 vini
1232 3449 1461 3513 genere
1486 3427 1699 3493 Graeci
1730 3438 1871 3495 tum
1897 3430 2174 3494 maxime
2204 3430 2564 3498 utebantur.
2610 3434 2783 3503 Ἐνί-

662 3524 886 3594 πλειον
924 3536 1023 3591 est
1061 3548 1101 3591 a
1146 3526 1426 3593 Casaub.
1482 3551 1596 3615 pro
1638 3529 1955 3616 ἔμπλειον,
1994 3540 2060 3596 et
2105 3530 2465 3619 κελεβήϊον,
2506 3535 2572 3599 h.
2615 3536 2783 3605 κελέ-

661 3625 868 3711 βειον,
902 3650 1013 3714 per
1040 3630 1419 3716 epexegesin
1449 3638 1539 3717 τῷ
1570 3632 1768 3699 α’σκὸν
1804 3632 2170 3719 appositum
2205 3645 2324 3699 est.
2418 3636 2522 3701 De
2551 3646 2691 3704 utre
2717 3662 2777 3719 V,

665 3726 875 3793 Feith.
905 3730 1043 3795 loco
1076 3730 1267 3795 modo
1290 3730 2027 3799 cit.—SCH.—Forsan
2057 3734 2398 3822 legendum
2425 3762 2441 3801 ε
2525 3804 2530 3811 ,

924 3886 1221 3974 Κηρΰξας
1252 3889 1508 3957 ἄλλοισι
1542 3896 1745 3978 φέρειν
1773 3890 2049 3977 μέλανος
2078 3893 2279 3960 οἴνοιο

913 3989 1149 4056 Ἀσκὸν
1180 3994 1270 4057 ἑοῖ
1296 3991 1543 4071 πλεῖον,
1569 3989 1888 4078 κελέβειόν
1920 3992 1981 4059 θ’
2015 3998 2144 4061 ὅττι
2177 3999 2492 4082 φέριστον.

749 4145 923 4209 Dedi
948 4148 1038 4211 ἑοῖ
1060 4167 1175 4231 pro
1200 4148 1287 4237 ἕνς
1313 4170 1328 4209 2
1380 4170 1511 4234 quo
1524 4149 1692 4234 jure,
1712 4136 1874 4213 sciet
1900 4149 2118 4230 lector,
2146 4153 2406 4237 quando
2429 4152 2779 4242 inspexerit
