3125 5009
829 326 916 395 10
1475 338 1917 391 Ax‘r1MAcm
1962 338 2364 393 amamus..

817 492 1026 583 possit
1070 492 1152 557 ad
1199 500 1550 557 ceterorum
1580 488 1891 576 -ejusdem
1932 484 2181 574 generis
2222 494 2550 549 auctorum
2594 480 2919 569 ingenium

811 595 1345 684 pernoscendum,
1393 592 1749 679 meritaque
1796 589 2079 678 penitius
2126 586 2463 653 cernenda.
2562 585 2733 649 Nam
2774 605 2923 648 cum

815 718 1068 785 semper
1085 696 1212 761 fere
1234 697 1317 760 ad
1335 694 1669 781 antiquius
1690 692 1951 780 aliquod
1970 691 2297 777 exemplar
2314 688 2683 755 excellentis
2708 687 2924 751 formae

815 788 1100 885 quisque
1139 796 1560 885 posteriorum
1592 816 1729 860 sese
1762 792 2254 882 composuerint,
2284 792 2565 880 indeque
2596 811 2767 876 saepe
2798 789 2929 875 spi-

817 900 1038 979 ritum,
1095 898 1429 986 operisque
1485 896 1783 976 colorem,
1854 896 2047 961 verba
2103 894 2266 960 adeo
2324 904 2521 981 atque
2580 891 2929 957 sententias

815 1000 1140 1080 duxerint,
1165 999 1352 1065 facile
1375 1008 1474 1065 est
1503 998 1587 1063 ad
1612 996 2091 1075 aestimandum,
2114 996 2299 1061 nobis
2326 1018 2522 1075 nunc,
2548 1016 2681 1082 quo
2703 994 2932 1058 melius

819 1103 980 1168 illud
1011 1123 1335 1182 renovare,
1367 1112 1432 1166 et
1459 1124 1496 1167 e
1525 1098 1927 1165 lineamentis
1954 1098 2195 1185 passim
2224 1098 2463 1186 sparsis
2492 1098 2721 1161 iterum
2740 1095 2929 1184 quasi

815 1205 1158 1269 informare
1205 1202 1548 1296 possimus,
1590 1224 1669 1267 eo
1708 1201 1915 1287 magis
1956 1201 2037 1265 de
2083 1200 2312 1265 horum
2362 1200 2573 1266 indole
2610 1208 2928 1277 constare,

815 1328 1044 1393 coque*
1070 1306 1309 1370 certius
1355 1315 1558 1370 artem
1610 1304 1882 1391 intelligi
1933 1304 2349 1391 judicarique
2394 1324 2433 1367 a
2484 1301 2669 1367 nobis
2719 1323 2926 1389 posse.

816 1405 982 1472 Sunt
1003 1418 1222 1472 autem
1246 1406 1378 1486 alii,
1403 1428 1676 1494 quorum
1701 1406 2067 1470 nominibus
2091 1405 2221 1471 sere
2242 1405 2395 1471 solis
2420 1405 2555 1469 fata
2574 1426 2931 1492 pepercere,

815 1510 1082 1575 servatis
1125 1531 1158 1573 e
1197 1509 1450 1594 scriptis
1491 1529 1714 1573 eorum
1756 1508 2013 1572 nonnisi
2056 1507 2482 1593 paucissimis,
2517 1527 2685 1593 quos
2716 1516 2931 1571 tamen

815 1611 1106 1676 seculum
1154 1632 1346 1674 suum
1392 1609 1695 1696 praeclare
1739 1608 2121 1688 illustrasse,
2170 1630 2603 1695 magnamque
2659 1608 2787 1673 vim
2846 1609 2930 1671 ad

817 1711 1193 1777 universum
1245 1711 1621 1776 litteraturas
1676 1732 2083 1797 progressum
2136 1709 2441 1776 habuisse
2489 1711 2555 1773 in
2602 1720 2935 1797 comperto

820 1820 941 1875 est.
1034 1810 1284 1875 Horum
1325 1810 1629 1875 memoria
1670 1810 2109 1890 instauranda,
2150 1810 2232 1873 ad
2273 1810 2738 1897 hominumque
2766 1812 2938 1876 noti-

817 1912 974 1977 tiam
1007 1913 1218 1977 denuo
1250 1912 1597 1998 prodenda,
1628 1912 1845 1975 nullus
1872 1911 2119 1989 dubito,
2142 1912 2303 1998 quin
2333 1912 2481 2000 quis
2513 1912 2672 1977 bene
2696 1936 2941 1977 merea-

817 2024 926 2079 tur
965 2015 1047 2079 de
1085 2015 1316 2079 artium
1363 2036 1438 2078 ac
1480 2014 1833 2079 litterarum
1874 2013 2161 2093 historia,
2194 2038 2345 2102 quae
2380 2026 2449 2078 ut
2479 2015 2665 2101 plena
2697 2026 2761 2079 et
2792 2040 2941 2103 per-

815 2116 988 2181 fecta
1033 2116 1140 2195 sit,
1177 2138 1302 2181 non
1346 2117 1536 2180 modo
1578 2115 1826 2196 horum,
1867 2136 2029 2202 quos
2070 2116 2405 2202 benignior
2443 2117 2701 2182 fortuna
2746 2119 2937 2183 nobis

817 2218 1158 2297 concessit,
1211 2218 1322 2281 sed
1381 2226 1737 2281 ceterorum
1795 2216 1985 2281 etiam
2041 2228 2396 2298 auctorum,
2446 2219 2618 2284 fama
2668 2242 2935 2307 operum

819 2320 1148 2408 quondam
1190 2320 1559 2397 illustrium,
1592 2318 1856 2383 notitias
1885 2320 2225 2406 complecti
2256 2320 2471 2387 debet.
2560 2322 2781 2410 Atque
2812 2325 2939 2389 hoc

821 2443 1020 2487 unum
1042 2422 1182 2507 jam
1213 2422 1370 2486 satis
1403 2421 1611 2486 valere
1642 2422 1816 2507 apud
1851 2443 1951 2485 me
1982 2432 2255 2508 poterat,
2291 2432 2367 2487 ut
2407 2425 2822 2508 AntimachO,
2852 2430 2938 2493 de

818 2545 952 2610 quo
986 2523 1325 2611 hucusque
1352 2545 1562 2612 pauca
1590 2546 1629 2587 a
1658 2524 1809 2588 viris
1841 2523 1925 2588 rei
1958 2523 2279 2589 litterariae
2302 2526 2525 2612 peritis
2552 2537 2618 2592 et
2656 2530 2937 2616 sparsim

815 2624 1052 2690 tradita
1087 2632 1299 2706 sunt,*
1341 2647 1595 2712 operam
1640 2626 2159 2713 qualemcunque
2201 2648 2409 2691 meam
2449 2629 2663 2693 dicare
2692 2634 2941 2697 consti-

815 2735 1078 2791 tuerem.
1167 2726 1513 2814 Sperabam
1555 2738 1887 2813 praeterea,
1930 2750 2077 2792 cum
2118 2729 2397 2815 primum
2435 2730 2557 2794 hoc
2588 2733 2936 2800 consilium

783 2827 1061 2908 =inirem,
1115 2828 1402 2897 studium
1457 2829 1582 2892 hoc
1635 2829 1925 2893 nonnihil
1988 2831 2392 2917 profuturum
2447 2832 2638 2898 etiam
2703 2835 2939 2903 Latino

813 2936 1042 3015 poetae,
1085 2928 1360 3016 Papinio
1402 2928 1639 3011 Statio,
1686 2953 1877 3017 quem
1916 2954 1956 2995 a
1995 2931 2285 3020 pluribus
2326 2934 2699 3021 diligentem
2742 2938 2939 3004 Anti-

815 3030 1029 3094 macbi
1060 3030 1441 3096 imitatorem
1464 3031 1683 3096 haberi
1716 3032 2082 3111 videbam.†
2170 3034 2403 3123 Itaque
2436 3037 2503 3101 in
2534 3038 2727 3126 hujus
2758 3040 2939 3128 frag-

813 3133 1045 3197 mentis
1091 3133 1491 3219 explicandis
1538 3156 1735 3219 quam
1775 3135 2052 3199 maxime
2104 3148 2475 3223 occupatus,
2528 3162 2657 3205 non
2703 3144 2935 3231 defugi

809 3234 1091 3299 laborem
1135 3232 1448 3299 Statianae
1487 3234 1835 3301 Thebaidis
1872 3246 2169 3303 accurate
2208 3240 2635 3327 perlegendae,
2666 3244 2721 3308 si
2764 3247 2933 3332 quid

809 3345 998 3414 esset,
1020 3336 1198 3423 quod
1227 3336 1308 3399 ad
1341 3337 1717 3402 alterutrum
1740 3348 1993 3424 poetam
2016 3340 2083 3403 in
2114 3341 2349 3428 majore
2380 3343 2525 3409 luce
2554 3350 2933 3432 ponendum

809 3437 1038 3518 facere,
1059 3438 1160 3503 vel
1179 3439 1304 3503 alio
1321 3439 1512 3503 modo
1534 3462 1678 3504 meo
1696 3440 1961 3505 consilio
1981 3441 2280 3507 inservire
2297 3454 2533 3531 posset.
2622 3447 2937 3515 Attamen

891 3640 924 3673 ⁴·
969 3638 1040 3695 V.
1073 3638 1296 3718 Tanaq.
1333 3639 1520 3697 Fabri
1556 3639 1678 3697 Vit.
1720 3649 1874 3718 poet.
1926 3640 2121 3700 Graec.
2152 3644 2219 3700 T.
2254 3646 2329 3703 X.
2359 3645 2637 3707 Thesauri
2664 3651 2935 3713 Gronov.

811 3750 876 3808 p.
904 3731 1042 3788 779.
1130 3731 1357 3790 Meurs.
1403 3730 1683 3791 Biblioth.
1714 3732 1818 3791 Gr.
1860 3732 1998 3792 ibid.
2038 3755 2097 3813 p.
2148 3738 2318 3795 1226.
2406 3741 2637 3800 Pinedo
2671 3743 2935 3806 Breviar.

812 3831 1029 3881 auctor.
1057 3841 1093 3880 a
1121 3822 1325 3901 Steph.
1361 3823 1498 3902 Byz.
1525 3823 1890 3883 laudatorum
1922 3846 1981 3905 p.
2017 3830 2155 3886 754.
2254 3831 2484 3890 Vossius
2512 3832 2588 3892 ad
2619 3835 2843 3896 Catull.
2872 3859 2935 3917 p.

811 3916 950 3974 323.
1036 3913 1114 3973 G.
1147 3913 1231 3972 10.
1277 3917 1507 3973 Vossius
1535 3916 1609 3975 de
1640 3918 1805 3976 Poet.
1838 3918 1943 3977 Gr.
1982 3922 2035 3991 l,
2064 3922 2119 3980 6.
2202 3922 2423 3983 Kiister
2444 3924 2518 3983 ad
2539 3925 2705 3989 Suid.
2778 3930 2850 3989 T.
2892 3933 2938 3994 Ι.

810 4027 869 4085 p.
901 4008 1042 4064 224.
1132 4006 1375 4066 Fabric.
1408 4005 1556 4066 Bibl.
1586 4009 1691 4069 Gr.
1725 4010 1804 4068 II.
1844 4012 1935 4069 15.
1968 4031 2027 4089 p.
2059 4016 2195 4073 570.

893 4108 930 4171 †
973 4097 1044 4155 V.
1073 4096 1275 4157 Barth.
1307 4098 1383 4156 ad
1412 4099 1663 4159 Statium
1704 4102 1885 4161 Theb.
1920 4104 1967 4162 Ι.
2000 4108 2117 4163 452
2144 4127 2159 4173 ;
2208 4107 2318 4165 111.
2349 4111 2504 4179 466;
2551 4110 2651 4171 IV.
2678 4115 2796 4180 45;
2846 4114 2931 4175 V.

811 4192 927 4258 92;
974 4190 1077 4249 Vl.
1107 4191 1240 4248 314.
1267 4192 1402 4249 463.
1432 4191 1587 4250 alibi.
1620 4193 1697 4251 cf.
1730 4194 1955 4255 Fabric.
1990 4197 2142 4258 Bibl.
2177 4199 2299 4259 Lat.
2330 4201 2408 4260 ΙΙ.
2441 4205 2528 4261 16.
