3125 5009
817 327 872 425 ιζ
1423 344 1871 395 ANT1MAcu1
1916 340 2314 399 annuum.

819 502 1052 583 praeter
1081 492 1348 558 Suidam
1371 493 1645 581 proferre
1668 492 1934 580 poteris,
1958 492 2072 579 qui
2104 487 2555 575 Colophonium
2576 508 2693 574 pro
2716 506 2917 573 gram-

818 592 1056 659 matico
1105 592 1422 656 habuerit.
1512 590 1651 656 Nec
1692 590 1846 670 scio,
1884 612 1990 669 an,
2030 588 2378 654 Eustathio
2416 595 2706 672 exceptu,
2752 584 2919 647 ullus

817 690 1126 777 antiquus
1181 690 1448 777 scriptor
1496 690 1709 754 editus
1756 688 1861 766 sit,
1908 687 2025 775 qui
2078 687 2371 752 laborum
2422 682 2791 749 Antimachi
2845 682 2912 743 in

823 786 1176 852 Homerum
1215 786 1592 852 meminerit.
1682 785 1986 851 Meminit
2023 807 2169 851 vero
2211 784 2275 848 in
2313 783 2415 847 his
2455 805 2609 863 non,
2639 793 2717 847 ut
2740 780 2921 857 dicis,

822 884 1192 949 Antimachi
1221 885 1364 963 Tui,
1388 908 1599 973 neque
1631 907 1903 972 usquam
1934 884 2023 948 ita
2044 892 2373 947 auctorem
2398 881 2696 967 designat
2718 901 2921 957 suum,

821 992 897 1047 ut
925 982 1368 1070 Colophonius
1385 983 1662 1070 intelligi
1686 984 1935 1048 debeat.
2024 980 2229 1045 Immo
2249 980 2432 1045 locus
2456 988 2557 1045 est
2580 977 2925 1057 Eustathii‚

823 1081 934 1144 ubi
973 1081 1212 1145 diserta
1249 1080 1491 1145 mentio
1529 1080 1933 1167 grammatici
1975 1078 2274 1159 occurrit,
2316 1078 2428 1143 ubi
2458 1098 2585 1143 non
2616 1075 2924 1153 dubitem,

822 1178 980 1265 quin
1001 1180 1137 1265 ipse
1159 1180 1564 1266 interpretem
1581 1178 1842 1245 Homeri
1866 1200 1905 1242 a
1922 1177 2301 1265 cognomine
2324 1184 2516 1263 poeta
2536 1174 2928 1261 distinguere

823 1278 1115 1359 voluerit,
1141 1298 1333 1366 quem
1355 1277 1510 1341 alibi
1536 1278 1638 1341 vel
1660 1275 2137 1365 Colophonium
2154 1275 2338 1354 citat,
2360 1275 2457 1339 vel
2480 1274 2655 1338 nudo
2678 1274 2929 1337 nomine
2978 1277 2999 1291 ‘

819 1376 1141 1461 appellare
1189 1374 1370 1439 solet.
1463 1374 1671 1440 Locus
1710 1376 1766 1439 is
1806 1383 1908 1440 cst
1950 1375 2033 1439 ad
2082 1373 2160 1438 Il.
2202 1402 2259 1439 ο.
2300 1373 2446 1451 119,
2484 1372 2552 1436 in
2583 1393 2713 1458 quo
2742 1370 2932 1435 Anti-

823 1473 1092 1537 machus
1122 1482 1346 1538 auctor
1373 1472 1661 1537 adfertur
1687 1494 1905 1559 pravae
1930 1470 2489 1559 interpretationiS,
2519 1492 2669 1558 quae
2694 1476 2932 1554 Δεῖμον

823 1578 888 1633 et
923 1570 1156 1657 Φόβου
1185 1570 1444 1634 nomina
1475 1562 1787 1656 equorum
1826 1569 2060 1635 Martis
2089 1568 2353 1657 accepit.
2454 1568 2557 1633 Ibi
2586 1568 2937 1633 adducitur

826 1672 863 1733 ὁ
903 1670 1329 1755 γραμματικὸς
1361 1668 1770 1755 Ἀντίμαχος.
1858 1667 2079 1732 Alium
2120 1666 2381 1754 quidem
2426 1667 2637 1731 locum
2682 1667 2749 1729 in
2796 1666 2934 1729 Eu-

825 1766 1065 1829 stathio
1105 1787 1234 1829 non
1270 1765 1545 1845 invenio,
1590 1766 1701 1829 ubi
1744 1765 2141 1853 grammatici
2171 1787 2403 1831 nomen
2432 1765 2820 1830 Antimacho
2848 1764 2935 1844 ei,

821 1864 1014 1949 cujus
1057 1863 1364 1929 lectiones
1412 1862 1735 1944 adhibuit,
1776 1863 2071 1928 additum
2108 1863 2215 1942 sit,
2257 1864 2369 1927 sed
2414 1886 2738 1950 nusquam
2775 1863 2935 1927 item

827 1960 1300 2047 Colophonium
1328 1961 1564 2026 diserte
1592 1961 1817 2025 laudat
1844 1961 1909 2025 in
1940 1982 2029 2041 re,
2060 1983 2211 2048 quae
2240 1962 2325 2025 ad
2352 1961 2558 2026 critici
2587 1960 2937 2025 auctorita-

821 2068 950 2123 tem
987 2060 1226 2124 redeat.
1320 2059 1488 2134 Quae
1518 2067 1731 2124 autem
1759 2080 1839 2124 ex
1870 2058 2043 2124 illius
2072 2059 2541 2123 commentariis
2571 2059 2637 2122 in
2671 2058 2935 2123 Homeri

825 2155 1090 2221 Iliadem
1125 2157 1502 2222 adferuntur
1542 2156 1655 2236 (ad
1699 2155 2059 2243 Odysseam
2098 2155 2262 2221 nihil
2303 2157 2535 2244 reperi)
2578 2156 2735 2221 talia
2760 2169 2941 2237 sunt,

822 2266 970 2341 qu‘ae
1006 2254 1292 2341 'profecto
1331 2276 1450 2342 ego
1487 2275 1617 2318 non
1658 2254 2031 2319 doctissimo
2068 2262 2277 2340 poetae
2314 2252 2711 2343 imputarim.
2803 2255 2866 2319 N
2870 2279 2944 2321 o-

821 2352 977 2417 tasti
1007 2352 1106 2416 Tu
1137 2352 1273 2439 ipse
1302 2354 1432 2417 duo
1461 2353 1659 2419 locos.
1758 2352 2005 2417 Horum
2038 2351 2237 2416 altero
2265 2353 2347 2416 ad
2380 2352 2458 2417 Il.
2490 2367 2560 2439 φ.
2592 2354 2744 2417 397.
2776 2354 2943 2419 satis

826 2450 1075 2538 putida,
1114 2460 1180 2515 et
1206 2450 1352 2537 ipsa
1384 2448 1607 2537 glossa
1636 2449 1922 2529 Homeri,
1952 2450 2076 2515 hoc
2116 2472 2247 2515 uno
2288 2451 2430 2515 loco
2469 2451 2664 2531 lecta,
2704 2453 2943 2519 obscu-

821 2549 948 2611 rior
986 2548 1357 2613 Antimachi
1403 2547 1777 2634 conjectura
1814 2548 2233 2635 expromitur,
2272 2550 2670 2637 ὑπονόσφιον
2711 2551 2941 2639 ἔγχος.

824 2646 903 2709 In
943 2647 1144 2711 altera
1189 2656 1257 2712 et
1291 2646 1486 2711 docta
1514 2646 2061 2740 animadversione
2100 2645 2430 2712 Eustathii
2462 2648 2557 2712 ad·
2576 2648 2651 2715 Il.
2680 2653 2752 2736 ψ.
2784 2653 2945 2732 870,

820 2746 874 2831 ej
887 2745 1111 2809 usdem
1150 2744 1512 2809 emendatio
1555 2765 1775 2809 versus
1815 2744 2003 2809 valde
2032 2744 2245 2809 vexati
2276 2746 2598 2827 adfertur3
2646 2749 2757 2813 sed
2790 2772 2941 2815 eam

820 2851 1041 2907 notam
1060 2843 1200 2928 jam
1225 2864 1265 2906 a
1295 2841 1512 2907 Clark.
1544 2851 1909 2927 excerptam
1938 2842 2143 2907 vide0.
2238 2842 2340 2907 De
2370 2844 2591 2909 eodem
2617 2868 2947 2932 gramma-

817 2941 944 3004 tico
973 2940 1328 3026 intelligam
1361 2939 1663 3004 Eustath.
1694 2941 1775 3004 ad
1810 2940 1886 3005 Il.
1918 2970 1976 3028 p.
2012 2941 2155 3021 133,
2187 2941 2299 3006 ubi
2328 2952 2616 3007 veterum
2646 2968 2946 3031 quorun-

820 3038 970 3102 dam
1005 3038 1358 3101 sententias
1380 3037 1464 3101 de
1492 3036 1620 3100 illis
1650 3038 1942 3102 versibus
1972 3038 2258 3126 apponit,
2290 3062 2455 3127 quos
2484 3042 2566 3106 ob
2598 3065 2735 3107 voc.
2768 3044 2947 3115 λέων

821 3135 1188 3201 Zenodotus
1228 3134 1390 3199 adeo
1429 3135 1671 3221 ejectos
1702 3136 1977 3202 volebat.
2068 3135 2211 3201 Illic
2242 3138 2444 3225 legas,
2475 3139 2633 3226 quid
2666 3142 2945 3210 miseros

817 3234 1088 3297 torserit.
1179 3231 1648 3297 Difficultatem
1676 3242 1895 3297 tamen
1921 3256 2037 3302 nec
2065 3234 2173 3297 hic
2196 3258 2506 3323 perquam
2530 3238 2719 3304 docte
2740 3241 2944 3307 Anti-

817 3330 1088 3395 machus
1119 3330 1405 3409 sustulit,
1447 3351 1597 3394 cum
1633 3330 1819 3411 dixit,
1850 3338 1948 3399 καὶ
1978 3334 2094 3405 τὸν
2124 3332 2372 3420 ἄρῤηνα
2400 3333 2629 3403 λέοντα
2660 3367 2945 3425 σκυμυα-

817 3438 1074 3515 γωγεῖυ.
1166 3426 1240 3489 In
1273 3437 1525 3512 promtu
1555 3437 1710 3507 erat,
1735 3431 1909 3516 quod
1934 3429 2095 3494 bene
2124 3432 2573 3497 animadvertit
2608 3433 2943 3519 Eustath.,

821 3525 1052 3591 λέοντα
1099 3546 1212 3611 pro
1260 3523 1515 3593 λέαιναν
1565 3526 1813 3591 dictum
1861 3548 2131 3608 sumere,
2176 3529 2259 3592 ad
2306 3532 2793 3640 grammaticam
2837 3560 2945 3602 ra—

815 3622 1052 3686 tionem
1082 3644 1210 3686 non
1237 3622 1302 3686 id
1335 3622 1597 3708 quidem
1628 3623 1783 3687 satis
1810 3634 2128 3734 accurate,
2162 3627 2299 3708 sed,
2331 3638 2405 3692 ut
2428 3627 2495 3692 in
2523 3627 2765 3695 simili
2734 3656 2944 3719 Junc-

815 3732 962 3785 tura
1007 3720 1236 3785 ceteris
1277 3720 1544 3799 GraeciS,
1588 3729 1655 3785 et
1696 3722 2021 3807 prosaiciS,
2064 3733 2128 3788 et
2176 3726 2317 3789 aliis
2364 3749 2624 3815 quoque
2667 3730 2945 3819 linguiS,

816 3819 1125 3883 usitatum
1162 3826 1301 3895 est3
1348 3816 1544 3905 idque
1587 3818 1653 3882 in
1704 3818 1981 3884 Homero
2029 3844 2103 3887 eo
2143 3823 2368 3911 magiS,
2407 3827 2582 3912 quod
2622 3828 2945 3895 feminina

778 3915 1016 3979 ‘forma
1062 3915 1278 3982 λέαινα
1325 3916 1519 3979 serior
1572 3926 1692 3996 est,
1750 3926 1814 3981 et
1858 3919 2033 4005 apud
2080 3930 2337 4007 poetam
2384 3924 2671 3989 nondum
2719 3929 2939 3995 obvia.

816 4012 943 4077 Sed
983 4012 1186 4099 quid'
1171 4034 1238 4075 m
1266 4012 1368 4075 his
1397 4015 1651 4077 moror?
1745 4014 2063 4081 Provocas
2096 4017 2195 4083 Tu
2234 4021 2319 4085 ad
2356 4020 2457 4085 Cl.
2504 4020 2943 4119 Villoisonum,

773 4112 926 4199 qui
973 4110 1281 4190 docuerit,
1327 4110 1394 4173 in
1430 4132 1621 4174 aureo
1656 4134 1774 4177 suo
1813 4114 2035 4181 codice
2076 4116 2298 4181 Iliadis
2334 4118 2695 4187 Homericae
2734 4127 2944 4191 etiam

810 4208 1181 4275 Antimachi
1214 4207 1600 4295 Colophonii
1630 4210 1955 4293 lectioneS‚
1986 4222 2049 4278 et
2076 4214 2193 4280 has
2216 4239 2252 4282 e
2274 4217 2529 4285 duabus
2552 4220 2697 4307 ejus
2718 4224 2944 4290 diver—
