3125 5009
1023 374 1465 425 AN'rm-mcffl
1503 376 1707 425 vrrA.
2322 354 2416 422 37

322 519 500 613 velut
547 518 852 585 canonem
909 524 1312 589 conficerent.
1414 525 1637 613 Atque
1689 524 1779 605 hi,
1830 546 1979 589 cum
2026 547 2103 589 ex
2156 525 2429 591 heroicis

322 624 528 707 poetis
547 624 832 711 quinque
851 634 1100 690 tantum
1123 626 1188 689 in
1213 648 1546 692 numerum
1565 627 1951 715 redigerent,
1968 628 2428 693 Antimachum

321 724 390 787 in
419 724 498 787 iis
527 747 669 791 esse
700 728 1102 791 volueruntfl*
1198 728 1365 803 Quae
1395 752 1493 793 res
1517 752 1648 815 non
1678 751 1901 817 parum
1923 730 2130 815 operis
2153 730 2459 806 claritati,

321 827 604 891 conferre
633 828 876 893 debuit.
969 828 1230 894 Illorum
1261 831 1429 894 enim
1447 831 1812 897 criticorum
1839 832 1906 894 in
1930 832 2182 897 delectu
2208 831 2430 897 habito

311 928 565 1014 judicio
624 938 952 1017 tantopere
1009 933 1384 1018 posteriores
1445 933 1787 1020 obsequuti
1843 942 2019 1013 sunt,
2078 943 2153 998 ut
2204 935 2289 998 ab
2346 934 2427 997 iis

322 1042 612 1118 receptos
640 1033 917 1096 maxime
947 1044 1293 1113 versarent,
1324 1035 1778 1114 describerent,
1804 1034 2275 1121 imitandosque
2306 1035 2429 1099 sibi

319 1138 763 1220 propenerent.
855 1134 1026 1199 Hinc
1068 1145 1371 1221 praeterea
1411 1137 1643 1215 evenit,
1682 1147 1755 1200 ut
1785 1135 2225 1210 Quintilianus
2254 1138 2321 1200 in
2352 1160 2427 1202 eo

267 1232 276 1242 ’
319 1235 502 1316 libro,
537 1235 644 1299 ubi
676 1236 1087 1301 classicorum
1113 1238 1492 1324 scriptorum
1525 1260 1788 1301 censum
1819 1238 1974 1323 agit,
1998 1238 2206 1302 nostri
2236 1240 2426 1306 etiam

320 1359 449 1401 non
479 1337 616 1402 sine
642 1339 830 1403 laude
861 1339 1232 1403 meminerit.
1331 1338 1438 1419 Ei,
1459 1340 1689 1419 dicit,†
1712 1338 2165 1426 secundasfere
2194 1338 2429 1405 Gram-

319 1440 707 1520 maticorum,
754 1463 918 1527 quos
964 1438 1272 1519 diximus,
1320 1464 1610 1505 consensu
1648 1441 1891 1505 delatas
1940 1442 2009 1505 in
2060 1443 2241 1530 epico
2293 1466 2430 1507 car-

321 1543 515 1623 mine,
543 1543 892 1631 laudatque
911 1554 1110 1629 poetae
1139 1544 1266 1607 vim
1294 1554 1354 1607 et
1380 1542 1785 1631 gravitatem,
1814 1554 1874 1607 et
1903 1544 2149 1608 minime
2167 1544 2431 1631 vulgare

321 1645 646 1731 eloquendi
687 1668 901 1732 genus.
993 1645 1209 1710 Habet
1244 1655 1458 1709 tamen
1498 1645 1719 1725 etiam,
1767 1646 1941 1731 quod
1988 1647 2431 1733 reprehendat,

323 1748 678 1834 affectuum,
690 1748 1122 1835 jucunditatis
1145 1758 1204 1811 et
1235 1747 1654 1833 dispositionis
1683 1758 1744 1811 et
1773 1748 2017 1811 omnino
2043 1749 2203 1812 artis
2229 1748 2431 1836 defec-
2536 1781 2547 1793 -·

326 1859 480 1927 tum,
519 1859 585 1914 et
624 1850 825 1927 addit,
857 1850 1050 1934 plane
1091 1847 1420 1935 manifesto
1460 1847 1559 1911 hic
1598 1869 1925 1933 apparere,
1964 1860 2199 1935 quanto
2251 1851 2435 1915 aliud

323 1951 407 2015 sit
426 1951 782 2036 proximum
812 1973 952 2031 esse,
982 1950 1164 2015 aliud
1187 1950 1534 2015 secuudum.
1540 1951 1582 2034 ‡

417 2052 612 2118 Hunc
636 2053 913 2117 Romani
937 2053 1241 2118 Rhetoris
1262 2054 1476 2117 locum
1503 2075 1615 2138 pro
1637 2052 1838 2116 fundo
1872 2074 2202 2116 sumamus
2231 2052 2297 2115 in
2326 2052 2428 2133 iis,

329 2177 477 2240 quae
497 2155 578 2218 de
599 2156 847 2240 poetica
869 2156 1170 2220 facultate
1188 2154 1389 2218 nostri
1409 2176 1488 2217 ex
1505 2154 1649 2217 aliis
1673 2153 2065 2217 adstruenda
2082 2153 2427 2218 habemus·
2408 2204 2427 2234 ‚

327 2257 501 2321 unde
530 2280 678 2322 mox
711 2258 979 2344 patebit,
1003 2258 1216 2344 plures
1247 2257 1313 2320 in
1337 2258 1559 2344 eodem
1581 2256 1834 2342 judicio
1857 2257 2013 2320 mire
2035 2246 2429 2322 convenisse.

330 2358 456 2423 Sed
487 2359 763 2446 primum
805 2361 1139 2424 observare
1173 2361 1388 2445 juvat,
1429 2360 1604 2446 quod
1649 2355 1942 2422 Platonis
1981 2358 2430 2422 auctoritatem
2488 2350 2491 2355 ¹

328 2459 535 2525 critici
563 2460 978 2526 Alexandrini
1021 2462 1278 2549 sequuti
1319 2474 1471 2525 sunt
1499 2461 1566 2523 in
1598 2482 1692 2539 ec,
1727 2467 1801 2523 ut
1829 2458 2183 2524 Choerilum
2220 2460 2433 2545 epico-

329 2585 469 2650 rum
495 2574 823 2650 poetarum
847 2586 1113 2628 numero
1142 2564 1506 2642 eximerent,
1524 2563 1711 2649 eique
1732 2560 2103 2647 praeferrent
2127 2548 2429 2624 nostrum.

413 2814 445 2847 ⁴*
491 2810 724 2889 Reliqui
768 2820 931 2869 erant
974 2810 1284 2880 HomeruS,
1331 2806 1644 2880 Hesiodus„
1688 2806 1992 2879 Pisander‚
2035 2806 2338 2885 Panyasis.
2381 2827 2435 2864 v.

339 2904 623 2964 Proclus
609 2924 665 2961 in
695 2904 966 2981 Excerpt.
1000 2923 1032 2962 e
1060 2900 1490 2960 Chrestomath.
1522 2920 1616 2977 ap.
1643 2898 1816 2957 Phot.
1850 2899 1999 2958 Cod.
2034 2900 2435 2959 CCXXXlX.

287 2994 570 3057 Tzetzes
596 2997 671 3057 ad
702 2996 946 3055 Hesiod.
976 3016 1032 3073 p.
1067 2996 1124 3052 8.
1152 2993 1244 3053 ed.
1270 2992 1449 3052 Basil.
1487 2995 1665 3051 1542.
1699 2994 1755 3049 8.
1789 2991 1907 3051 Sed
1936 2990 2009 3050 de
2031 2992 2190 3070 omni
2218 2992 2439 3051 ratione

337 3091 564 3150 illorum
602 3109 893 3149 canonum
939 3088 1155 3166 optime
1194 3086 1463 3166 exposuit
1497 3084 1889 3143 Ruhnkenius
1928 3084 2001 3144 V.
2038 3065 2166 3143 Cel.
2218 3084 2437 3144 Histor.

338 3185 464 3243 crit.
495 3192 663 3243 oratt.
697 3182 802 3242 Gr.
836 3202 893 3260 p.
928 3181 1116 3241 XCV.
1149 3179 1337 3239 Rutil.
1373 3179 1536 3257 Lupo
1566 3177 1827 3257 praefixa.

421 3287 457 3346 †
503 3278 579 3336 X.
615 3279 669 3335 l.
702 3278 878 3348 5:53.
953 3281 962 3285 “

421 3376 448 3439 1
491 3368 710 3429 Ultima
752 3367 883 3426 haec
921 3367 1093 3426 verba
1124 3364 1448 3424 difficiliora
1481 3372 1643 3433 sunt,
1680 3383 1858 3442 quam
1900 3362 2084 3441 primo
2119 3364 2325 3422 obtutu
2358 3364 2441 3422 vi-

340 3463 572 3535 dentur,
603 3461 652 3521 si
680 3480 876 3520 verum
917 3479 1150 3519 sensum
1189 3462 1512 3538 perspicere
1554 3455 1712 3514 velis.
1799 3454 1974 3523 Quod
2004 3455 2050 3513 si
2088 3465 2291 3514 auctor
2324 3455 2445 3535 ipse

341 3556 447 3617 sibi
475 3564 720 3627 constet,
751 3553 922 3633 plane
949 3550 1236 3612 contrario
1258 3548 1450 3621 mod0‚
1480 3568 1656 3627 quam
1687 3547 1982 3606 Gesnerus
2010 3546 2254 3621 vult‚.ea
2273 3556 2446 3606 erunt

343 3647 701 3728 accipienda.
744 3645 982 3706 Scilicet
997 3645 1282 3704 secundus
1298 3661 1424 3701 esse
1441 3640 1689 3714 videtur,
1710 3640 1812 3718 qui
1831 3638 2009 3697 alium
2032 3639 2311 3715 sequitur,
2327 3659 2444 3699 non

343 3742 504 3823 quod
533 3740 758 3798 nullum
787 3737 1153 3797 intervallum
1179 3734 1274 3806 sit,
1303 3732 1406 3793 sed
1435 3734 1575 3812 quia
1604 3752 1771 3791 nemo
1795 3731 1960 3790 adest
1987 3730 2237 3810 propior,
2256 3743 2315 3792 et
2343 3736 2445 3810 qui

345 3833 706 3895 intervallum
739 3831 1007 3912 expleat:
1042 3831 1371 3907 proximus,
1401 3827 1498 3904 qui
1533 3845 1647 3883 non
1680 3824 1875 3901 longe,
1904 3823 2002 3882 sed
2036 3823 2228 3882 statim
2254 3826 2447 3903 sequi-

346 3940 440 3989 tur
467 3927 734 3996 alterum,
765 3923 927 3982 nullo
947 3921 1268 3983 intervallO.
1356 3919 1486 3977 Hoc
1513 3917 1684 3977 modo
1707 3916 1931 3975 Statius
1956 3935 2070 3974 non
2090 3919 2446 3992 proximum,

348 4022 448 4082 sed
473 4021 788 4080 secundum
821 4002 1014 4076 locum
1055 4037 1090 4075 a
1123 4012 1366 4091 Virgilio
1403 4021 1599 4070 tenere
1627 4010 1891 4088 optabat,
1920 4009 2061 4067 dum
2088 4008 2271 4069 dixit:
2321 4012 2450 4069 Nec

351 4127 413 4175 tu
444 4114 702 4172 dlvinam
727 4111 986 4169 AEneida
1019 4118 1204 4175 tenea,
1233 4106 1338 4164 sed
1366 4105 1532 4182 lonye
1563 4120 1824 4181 sequere,
1854 4111 1913 4161 et
1940 4104 2189 4178 vestiyia
2226 4122 2450 4179 semper

351 4209 558 4267 adora.
641 4204 822 4263 Theb.
858 4202 996 4260 XII.
1031 4202 1168 4259 816.
