3125 5009
567 994 1166 1072 PROOEMIUM
1222 995 2142 1079 SCHELLENBERGII.

303 1378 693 1442 Eumrims
725 1378 1104 1444 Phoenissas
1146 1402 1184 1444 a
1213 1379 1663 1444 Valckenaerio
1700 1379 2092 1444 doctissimis
2124 1379 2415 1443 animad-

301 1489 701 1554 versionibus
741 1490 1087 1555 instructas
1138 1512 1337 1577 nuper
1381 1491 1707 1570 tractanti,
1751 1512 1899 1555 cum
1950 1490 2191 1577 soepius
2226 1489 2419 1554 Anti-

301 1601 515 1667 machi
547 1600 926 1689 Colophonii
960 1602 1203 1667 mentio
1245 1601 1484 1689 injecta
1514 1611 1894 1682 occurreret,
1924 1612 1989 1667 et
2017 1625 2097 1667 ex
2126 1602 2418 1690 ejusdem

303 1698 595 1801 reliquiis
625 1713 916 1777 nonnihil
950 1712 1112 1777 lucis
1143 1711 1331 1777 Statii
1362 1711 1677 1777 Thebaidi
1722 1713 1985 1778 accendi
2024 1735 2210 1801 posse
2252 1712 2420 1777 arbi-

298 1810 517 1901 trarer,
545 1821 886 1887 consilium
934 1823 1208 1909 primum
1261 1822 1424 1909 cepi,
1469 1822 1667 1909 hujus
1714 1832 1920 1909 poetae
1965 1824 2296 1912 quondam
2343 1823 2412 1886 in

303 1933 621 2021 primariis
667 1932 894 2012 habiti,
935 1932 1396 1998 accuratiorem
1445 1934 1796 2022 apparandi
1845 1936 2163 2011 notitiam.
2256 1934 2417 1998 lnde

299 2046 442 2110 haec
473 2046 751 2110 subnata
779 2044 1230 2109 commentatio
1254 2053 1372 2109 est.
1467 2042 1634 2107 Nam
1668 2068 1819 2110 cum
1840 2045 1954 2110 diu
1972 2045 2114 2132 jam
2143 2045 2416 2109 circum-

305 2157 680 2244 spexissem,
709 2176 990 2243 quonam
1023 2154 1214 2219 modo
1246 2173 1603 2218 PATROle
1634 2175 1891 2221 summu
1926 2175 2420 2235 VENERANms,

306 2288 579 2354 quorum
611 2265 990 2331 auctoritate
1022 2274 1217 2352 atque
1252 2265 1582 2329 beneficiis
1612 2288 1725 2352 per
1766 2265 1884 2330 hos
1914 2274 2193 2353 quatuor
2220 2286 2422 2329 annos

309 2379 375 2441 in
425 2376 547 2441 hac
588 2378 759 2442 alma
798 2375 1230 2441 Fridericiana
1276 2376 1341 2440 in
1390 2376 1625 2440 studiis
1672 2376 2091 2441 humanitatis
2134 2384 2422 2441 versatus

307 2510 476 2566 sum,
521 2488 941 2565 ostenderem,
982 2488 1241 2571 qualem
1290 2486 1548 2551 fecerim
1594 2486 1824 2550 virium
1873 2507 2157 2552 mearum
2206 2509 2421 2567 usum,

307 2598 546 2686 quidve
591 2597 659 2661 in
702 2597 1047 2685 disciplina
1081 2616 1332 2660 woLFu
1364 2595 1506 2659 Viri
1552 2595 1993 2661 immortaliter
2025 2597 2106 2661 de
2152 2618 2253 2661 me
2290 2620 2425 2662 me-

305 2709 437 2790 riti,
467 2708 878 2795 profecerim3
910 2730 1039 2772 non
1073 2707 1360 2795 ineptum
1386 2706 1540 2771 huic
1558 2706 1885 2793 proposito
1904 2706 2030 2771 tale
2056 2706 2423 2794 scriptionis

315 2842 523 2908 genus
551 2819 902 2884 videbatur.
993 2818 1180 2898 Mox,
1210 2828 1286 2884 ut
1311 2820 1409 2899 fit,
1443 2817 1721 2906 amplius
1751 2818 1838 2883 rei
1868 2840 2058 2905 agere
2087 2821 2419 2906 optabam,

307 2952 547 3018 magna
573 2931 746 3017 apud
776 2952 875 2995 me
907 2938 1049 2994 orta
1077 2929 1432 3017 cupiditate
1464 2929 1826 3016 fragmenta
1854 2938 2059 3016 poetae
2092 2929 2426 2995 undelibet

309 3040 749 3108 contrahendi.
792 3040 1036 3105 Verum
1059 3061 1206 3104 cum
1235 3038 1316 3104 ad
1343 3024 1621 3104 laborem
1647 3039 1811 3103 serio
1834 3039 2217 3126 accingerer,
2236 3042 2423 3129 plura

307 3154 750 3232 occurrebant,
780 3174 931 3240 quae
976 3173 1076 3215 me
1123 3151 1205 3213 ab
1249 3172 1327 3215 eo
1372 3160 1628 3215 tantum
1671 3171 1801 3213 non
1846 3149 2107 3215 omnino
2146 3152 2420 3217 deterre·

311 3276 474 3343 rent,
505 3273 579 3328 ut
605 3286 831 3352 parum
861 3264 1136 3341 abesset,
1160 3262 1320 3348 quin
1350 3260 1479 3326 hoc·
1496 3261 1712 3347 ipsum
1736 3260 2140 3347 propositum
2162 3262 2423 3349 penitus

309 3377 674 3463 abjicerem.
768 3373 1060 3438 Primum
1089 3371 1259 3437 enim
1295 3394 1330 3437 e
1361 3371 1612 3458 judicio
1655 3368 1741 3434 Is.
1773 3370 1835 3430 V
1837 3370 1991 3435 ossii
2034 3380 2103 3437 et
2131 3372 2425 3451 aliorum,

310 3487 425 3575 qui
470 3485 892 3562 affirmabant,
936 3504 1016 3548 ex
1063 3492 1195 3545 tam
1241 3489 1419 3545 vasto
1465 3489 1778 3568 poemate,
1808 3482 2001 3568 quale
2045 3482 2422 3548 Antimachi

267 3677 272 3683 ¹
309 3598 505 3663 fuerit
519 3595 822 3675 Thebais,
848 3615 927 3658 ne
950 3592 1168 3657 decem
1192 3591 1455 3679 quidem
1477 3613 1810 3679 superesse
1834 3612 2079 3672 versuS,
2102 3592 2426 3658 dubitatio

312 3708 522 3773 venit:
566 3714 762 3794 quam
807 3716 1021 3771 tamen
1067 3702 1316 3791 aliquot
1359 3701 1504 3765 libri
1549 3701 1817 3766 scrutati
1861 3700 2261 3787 aliquantum
2306 3702 2427 3765 mi-

309 3819 617 3883 nuebant.
703 3816 927 3903 Majus
958 3816 1146 3901 longe
1176 3823 1331 3892 erat,
1361 3814 1534 3899 quod
1575 3835 1677 3877 me
1709 3812 1990 3876 maxima
2020 3821 2200 3900 parte
2231 3813 2424 3878 libro—

309 3954 475 4010 rum,
505 3929 745 4016 quibus
774 3928 1052 4014 stipatus
1081 3926 1273 3991 debet
1302 3947 1444 3990 esse
1475 3925 1552 4004 is,
1584 3924 1697 4012 qui
1741 3924 2113 4011 hujusmodi
2145 3924 2423 3989 laborem

309 4051 586 4109 conatur
617 4041 959 4127 suscipere,
981 4038 1362 4103 destitutum
1393 4035 1711 4100 videbam.
1767 4036 1933 4111 Quae
1965 4036 2227 4124 quidem
2258 4037 2429 4100 diffi-

311 4156 526 4221 cultas
557 4152 866 4240 singulari
915 4150 1110 4236 hujus
1143 4147 1508 4212 Academiae
1557 4147 2026 4225 professorum,
2058 4146 2423 4233 Praecepto-
