3125 5009
835 292 879 363 8
1450 310 1897 359 ANTmAcm
1936 308 2339 365 RELIQUIAE.

835 463 1004 527 tollit
1047 484 1179 550 seq.
1228 483 1503 542 versum,
1532 462 1617 526 ab
1662 461 1886 526 iisdem
1928 462 2091 526 adeo
2126 460 2366 525 criticis
2410 478 2527 547 pro
2574 458 2786 544 spurio
2824 458 2925 519 ha-

837 562 1063 627 bitum.
1157 560 1260 625 De
1315 560 1424 624 illa
1473 559 1915 625 observatione
1976 580 2202 645 pauca,
2250 567 2314 623 et
2372 557 2456 621 ad
2514 556 2691 621 hunc
2745 578 2923 621 unum

835 660 1051 724 locum
1083 657 1423 745 Odysseae,
1450 658 1671 723 attulit
1714 656 2013 722 Eustath.
2044 680 2105 745 p.
2148 658 2314 721 1576
2342 666 2537 735 extr„
2570 677 2721 719 cum
2748 655 2824 719 ad
2857 655 2923 718 Il.

833 784 879 823 ε.
913 756 1076 819 nihil
1113 755 1425 837 dedisset,
1469 755 1641 820 unde
1680 755 1901 820 videas
1944 753 2421 844 παρεκβολικὴν
2465 754 2925 840 negligentiam.

835 852 938 919 Cf.
986 876 1134 920 cum
1181 852 1283 919 his
1329 853 1672 919 Lesbonax
1720 881 1789 918 π.
1825 882 2018 940 σχημ.
2062 862 2128 917 et
2170 852 2487 916 Valcken.
2522 861 2654 916 not.
2694 874 2760 940 p.
2797 852 2929 916 179.

835 961 981 1039 post
1012 952 1312 1016 Ammon.

925 1049 1167 1129 Habes,
1196 1050 1284 1113 mi
1321 1048 1806 1136 Schellenbergi,
1834 1047 2173 1135 epistolam
2220 1059 2321 1113 sat
2361 1049 2719 1136 loquacem.
2806 1036 2929 1112 Sed

831 1148 1167 1235 loquacem
1193 1148 1347 1212 fecit
1375 1169 1503 1212 non
1533 1156 1667 1212 tam
1699 1147 1815 1213 otii
1845 1147 2263 1225 abundantia,
2281 1168 2481 1234 quam
2510 1168 2653 1211 mea
2681 1168 2825 1233 erga
2846 1146 2932 1210 Te

833 1245 1294 1311 benevolentia.
1407 1245 1624 1321 Quem
1665 1245 1837 1309 enim
1878 1245 2087 1332 magis
2133 1254 2199 1310 et
2250 1244 2604 1332 impensius
2656 1244 2933 1331 diligam,

831 1364 1031 1429 quam
1061 1364 1231 1422 eum,
1258 1344 1397 1431 qui,
1424 1364 1504 1409 ex
1535 1364 1667 1431 quo
1694 1342 1848 1407 huic
1868 1344 2251 1409 academicoe
2268 1342 2662 1408 institutioni
2682 1364 2930 1429 operam

829 1439 1004 1521 dedi,
1031 1450 1214 1505 tanto
1241 1462 1346 1505 me
1373 1440 1591 1506 studio
1620 1450 1905 1505 sectatus
1934 1441 2045 1521 sis,
2074 1450 2295 1529 atque,
2326 1440 2523 1505 sacris
2552 1441 2783 1505 litteris
2800 1442 2935 1528 jam

831 1549 971 1604 tum
997 1538 1160 1603 bene
1189 1538 1498 1618 imbutus,
1527 1538 1935 1623 antiquitatis
1977 1561 2235 1627 quoque
2274 1538 2589 1603 litterulas
2619 1541 2939 1605 tractandi

829 1636 1312 1724 cupidissimus,
1331 1658 1683 1723 paucorum
1716 1658 1936 1701 eorum
1958 1638 2160 1703 coetui
2184 1636 2548 1718 accesseriS,
2571 1636 2689 1724 qui
2718 1660 2940 1703 nume-

831 1758 973 1799 rum
1001 1734 1226 1799 ardore
1249 1744 1314 1799 et
1334 1734 1566 1800 studiis
1590 1744 2114 1821 compensarent3
2146 1757 2441 1822 eumque,
2465 1736 2577 1822 qui
2602 1735 2938 1817 industria,

829 1832 1222 1921 integritate,
1264 1831 1579 1897 modestia
1622 1840 1690 1897 et
1728 1831 1963 1911 anime,
2009 1833 2267 1920 qualem
2313 1832 2735 1897 humanitatis
2772 1844 2941 1899 artes

829 1932 1092 2019 fingunt
1117 1940 1185 1997 et
1213 1929 1568 2018 requirunt,
1598 1938 1841 1996 ceteros
1872 1929 2063 1995 etiam
2088 1930 2386 1997 doctores
2412 1929 2611 2011 Tuos,
2644 1940 2709 1996 et
2738 1932 2941 1998 bonos

825 2050 1049 2113 omnes
1070 2029 1242 2117 apud
1271 2050 1392 2093 nos
1411 2027 1556 2093 Tibi
1581 2026 2044 2108 conciliaveris,
2064 2028 2179 2115 qui
2200 2028 2484 2116 denique
2506 2026 2681 2093 nunc
2710 2029 2940 2117 inipso

826 2126 1116 2191 discessu
1142 2148 1182 2190 a
1208 2125 1398 2191 nobis
1438 2133 1571 2190 tam
1618 2146 1836 2189 carum
1881 2124 2121 2213 pignus
2164 2126 2659 2191 necessitudinis
2702 2138 2939 2193 nostrae

825 2224 1164 2289 relicturus
1194 2224 1304 2289 sis.
1396 2223 1618 2304 Quod,
1638 2244 1786 2287 cum
1813 2224 2038 2310 patriae
2066 2222 2247 2304 Tuae,
2273 2224 2577 2288 Patronis
2606 2232 2674 2290 et
2695 2227 2941 2313 optimo

829 2320 1115 2402 Parenti,
1159 2321 1240 2385 de
1291 2321 1406 2385 tali
1459 2321 1619 2399 cive,
1662 2320 1948 2401 alumno,
1999 2321 2135 2387 filio
2186 2322 2641 2409 gratulandum
2690 2334 2941 2410 putem,

825 2440 948 2507 ego
995 2418 1156 2483 mibi
1207 2440 1336 2483 non
1387 2418 1695 2506 gratuler,
1748 2416 1908 2481 mihi
1961 2440 2091 2483 non
2144 2420 2506 2505 gaudeam?
2572 2419 2697 2485 hoc
2748 2425 2939 2489 crede

826 2538 1026 2580 unum
1057 2528 1122 2582 et
1150 2537 1345 2581 suave
1387 2516 1689 2582 solatium
1736 2516 1919 2580 nobis
1958 2516 2273 2597 relictum,
2303 2518 2417 2604 qui
2446 2520 2519 2582 in
2549 2518 2766 2600 rebuS,
2801 2530 2940 2586 tam

825 2637 1053 2702 parum
1110 2614 1368 2680 honoris
1425 2614 1495 2678 in
1553 2614 1789 2701 vulgus
1846 2615 2257 2695 habentibus»,
2308 2616 2569 2681 assidue
2618 2618 2939 2685 docendis

824 2734 1166 2777 versamur.
1284 2712 1504 2799 Atque
1553 2720 1707 2776 nata
1756 2711 1910 2777 hinc
1962 2713 2282 2801 voluptaS,
2328 2735 2479 2779 cum
2537 2716 2941 2785 conscientia

823 2818 991 2873 recte
1028 2811 1338 2875 factorum
1375 2810 1747 2896 conjuncta,
1779 2832 1910 2875 una
1940 2811 2125 2876 nobis
2157 2811 2348 2898 erigit
2375 2832 2554 2899 spem
2582 2835 2745 2893 eam,
2780 2839 2939 2903 quae

820 2908 886 2970 in
917 2907 1054 2971 dies
1083 2929 1258 2972 nunc
1288 2908 1495 2995 magis
1527 2907 1854 2987 inciditur,
1884 2910 2413 2998 quandoquidem
2457 2932 2571 2997 per
2602 2920 2700 2977 tot
2727 2936 2939 2980 novos

819 3004 1275 3092 hierophantas
1317 3005 1547 3070 veteris
1592 3006 1975 3093 disciplinae,
2019 3029 2059 3072 a
2096 3008 2431 3073 doctarum
2460 3008 2832 3096 linguarum
2868 3023 2942 3079 et

819 3103 1103 3168 historiae
1143 3125 1265 3167 usu
1308 3104 1737 3189 procedentiS,
1792 3105 2105 3169 rationem
2145 3104 2338 3171 hodie
2382 3108 2613 3172 callide
2651 3108 2748 3174 ita
2789 3132 2941 3198 per-

816 3200 1142 3266 turbatam
1195 3201 1506 3279 videmuS‚
1561 3210 1643 3269 ut
1692 3222 1770 3267 ea
1822 3203 2058 3281 studia,
2106 3225 2255 3289 quae
2306 3205 2515 3270 facem
2570 3205 2941 3291 praeferunt

813 3298 1042 3363 ceteris
1087 3298 1408 3380 omnibus,
1446 3322 1629 3385 paene
1665 3299 1732 3363 in
1772 3310 2167 3365 contemtum
2208 3302 2631 3382 adducantur,
2659 3315 2781 3370 aut
2817 3330 2941 3394 per

813 3395 956 3460 illos
997 3395 1169 3482 ipsos
1212 3396 1557 3484 malignius
1597 3398 1964 3479 laudentur,
2006 3398 2120 3487 qui
2168 3422 2237 3465 se
2288 3401 2565 3465 melioris
2608 3403 2937 3471 doctrinae

813 3493 1136 3559 antistites
1181 3493 1413 3575 serunt,
1442 3495 1556 3559 sed
1605 3518 1877 3582 quorum
1924 3519 2093 3585 saepe
2138 3496 2428 3580 interest,
2478 3498 2845 3587 discipulos
2896 3529 2937 3569 a

811 3592 993 3656 cultu
1020 3592 1374 3657 litterarum
1401 3593 1596 3659 rudes
1626 3593 1878 3672 habere,
1910 3617 2041 3682 quo
2070 3596 2321 3661 facilius
2344 3619 2453 3662 eos
2482 3597 2549 3662 in
2580 3599 2681 3670 sui
2712 3600 2940 3667 adrni-

809 3688 1052 3754 ratione
1111 3699 1393 3755 teneant.
1499 3691 1685 3771 Vale,
1749 3690 2233 3781 Schellenbergi,
2282 3694 2573 3784 mihique
2631 3718 2937 3765 amorem

807 3787 1043 3867 Tuum,
1101 3789 1295 3853 etiam
1343 3790 1599 3870 absens,
1646 3790 1701 3854 si
1755 3790 1983 3871 merui,
2042 3797 2363 3858 conserva.
2479 3793 2648 3859 Dab.
2708 3818 2935 3864 mens·

809 3884 1007 3950 Mart.
1046 3886 1227 3949 1786.
