3125 5009
822 371 1289 421 FRAGMENTA
1336 372 1681 422 memma·
1716 374 1941 422 sams.
2295 354 2429 423 113

1218 693 1535 758 LXVIII.

314 941 636 1033 PAusaN.
686 942 894 1008 Boeot.
937 965 990 1008 e.
1040 944 1147 1008 35.
1194 967 1254 1032 p.
1289 944 1433 1008 781.
1523 942 1917 1032 Ἀντίμαχος
1963 944 2102 1011 οὔτε
2152 944 2420 1032 ἀριθμὸν

316 1050 628 1132 Χαρίτων,
682 1045 824 1112 οὔτε
876 1046 1078 1131 ὄνομα
1129 1050 1346 1127 εἰπὼν,
1407 1044 1658 1132 Αἴγλης
1711 1046 1866 1114 εἶναι
1914 1051 2268 1133 θυγατέρας
2321 1052 2419 1113 καὶ

307 1145 536 1214 Ἡλίου
570 1154 761 1236 φησὶν
794 1148 1007 1223 αὐτάς.
1059 1146 1136 1211 In
1156 1148 1379 1234 mytho
1399 1147 1533 1229 tali,
1557 1155 1784 1234 totque
1805 1156 2132 1235 poetarum
2154 1147 2418 1213 diversis

308 1248 583 1335 ingeniis
635 1249 997 1329 informato,
1027 1250 1238 1337 qualis
1280 1249 1385 1314 ille
1417 1249 1787 1315 Gratiarum
1827 1250 1973 1330 fuit,
2004 1272 2416 1339 nequaquam

306 1350 561 1432 mirum,
618 1363 747 1417 tam
802 1351 1006 1416 multa
1052 1351 1301 1438 reperiri
1355 1351 1644 1431 dissidia,
1692 1353 1773 1417 de
1823 1351 2061 1440 quibus
2114 1351 2417 1417 disertius

310 1451 589 1517 Pausan.
612 1453 654 1517 l.
677 1475 731 1518 c.
780 1452 1040 1519 Etenim
1068 1438 1328 1541 quidvis
1363 1454 1599 1541 fingere
1621 1454 1826 1542 poetis
1848 1454 2123 1519 maxime
2144 1454 2414 1519 liberum

306 1556 369 1619 in
402 1555 482 1620 iis
507 1556 745 1621 fabulis
776 1565 1095 1644 erat‚quae
1118 1578 1245 1621 non
1277 1565 1489 1623 essent
1522 1556 1768 1621 solenni
1794 1557 2096 1643 religione
2127 1566 2414 1622 sacratae.

309 1655 540 1746 Itaque
572 1658 999 1723 Antimachea
1037 1658 1318 1724 narratio
1370 1680 1498 1724 non
1547 1657 1673 1722 nisi
1723 1658 2060 1745 allegorica
2100 1658 2415 1737 videatur,

305 1782 579 1848 eamque
625 1760 792 1849 apud
846 1760 1124 1850 reliquos
1173 1762 1515 1849 scriptores
1568 1762 1806 1827 frustra
1841 1762 2247 1850 quaesiveris3
2292 1761 2416 1825 nisi

306 1862 467 1928 forte
496 1885 597 1951 ap.
632 1862 953 1928 Phurnut.
986 1864 1068 1928 de
1109 1863 1192 1928 N.
1227 1863 1310 1928 D.
1343 1885 1398 1928 c.
1438 1864 1536 1927 15.
1571 1864 1927 1929 dicentem:
1965 1864 2177 1931 Ἔνιοι
2211 1865 2416 1931 Εὐάν-

312 1963 429 2041 θην
462 1966 699 2053 ἔφασαν
729 1969 844 2044 τὴν
872 1971 1103 2053 μητέρα
1132 1970 1262 2033 τῶν
1296 1971 1586 2053 Χαρίτων
1604 1968 1962 2045 εἶναι,τινὲς
1991 1964 2053 2033 δὲ
2077 1962 2418 2052 Ἀγλαΐην,

310 2067 484 2152 quod
515 2067 828 2153 posterius
858 2090 1089 2133 nomen
1124 2067 1190 2131 in
1216 2066 1466 2154 Αἴγλην
1488 2089 1568 2131 ex
1590 2067 1977 2132 Antimacho
1994 2068 2182 2132 docte
2209 2076 2420 2130 mutat

308 2166 570 2233 Galeus.
654 2170 961 2234 Attamen
1015 2169 1346 2257 vulgatum
1398 2178 1614 2257 tuetur
1658 2168 1952 2233 Eudocia
1995 2192 2056 2255 p.
2104 2168 2254 2231 430.
2307 2166 2416 2231 ubi

310 2269 721 2335 Phurnutum
752 2272 831 2335 ad
868 2272 1128 2337 verbum
1168 2270 2145 2358 descripsit.—Lacedaemoniis,
2176 2268 2418 2356 quibus

309 2372 457 2437 duoe
508 2381 758 2437 tantum
790 2372 1031 2438 Gratiae
1080 2383 1283 2454 erant,
1315 2375 1513 2439 altera
1558 2374 1896 2439 dicebatur
1928 2373 2197 2447 Φαεννᾶ,
2243 2368 2417 2456 quod

307 2495 538 2539 nomen
568 2495 716 2539 cum
756 2485 961 2562 poetae
1006 2476 1205 2541 nostri
1248 2475 1507 2541 fictione
1553 2498 1682 2540 non
1729 2475 1891 2540 male
1922 2472 2241 2559 congruit.
2334 2470 2415 2533 V.

313 2574 599 2641 Pausan.
634 2576 866 2642 Lacon.
900 2600 961 2663 p.
992 2579 1138 2641 254.

1241 2918 1484 2983 LXIX.

312 3164 571 3231 Senot„
612 3162 767 3227 min.
812 3162 891 3227 ad
938 3161 1126 3225 Hom.
1171 3160 1245 3226 Il.
1280 3191 1323 3228 ε.
1356 3160 1505 3227 389.
1600 3160 1755 3226 Ἐὰν
1801 3162 1886 3244 μὴ
1935 3160 1973 3235 ἡ
2021 3185 2134 3223 του
2183 3156 2420 3243 Ερμοῦ

305 3268 595 3353 μητρυιὰ,
637 3268 675 3342 ἡ
720 3264 1039 3353 Ἐρίβοια,
1084 3265 1430 3352 ἀπήγγειλε
1475 3268 1564 3351 τῷ
1604 3261 1888 3349 Ερμῆ,“
1868 3290 1968 3328 ινα
2006 3258 2268 3346 ἐκκλέψῃ
2306 3262 2420 3326 τὸν

296 3368 505 3455 ’Ἄρην
533 3374 645 3433 τοῦ
676 3365 927 3452 δεσμοῦ.
1022 3364 1319 3453 Ἐρίβοια
1351 3363 1499 3445 δὲ’
1468 3393 1506 3440 η
1538 3364 1711 3451 αέρια
1741 3369 1838 3429 καὶ
1877 3360 2124 3448 μεγάλα
2167 3358 2422 3446 βοῶσα.

303 3471 695 3555 Ἀντίμαχος
727 3465 789 3535 δὲ
822 3472 859 3534 ὁ
892 3467 1316 3573 Κολοφώνιος
1356 3469 1473 3544 τὴν
1513 3463 1853 3553 Ἐρίβοιαν
1891 3490 2195 3550 μητρυιαν
2215 3460 2422 3529 ”Ωτου

307 3578 406 3639 καὶ
463 3569 811 3657 Ἐφιάλτου
868 3548 1274 3658 παραδίδωσι.
1368 3567 1657 3633 Historia
1709 3588 1844 3654 qua
1894 3566 1939 3629 l.
1995 3587 2050 3629 e.
2109 3563 2426 3629 Homerus

310 3673 563 3741 Dionen
584 3694 765 3737 usam
790 3671 1059 3750 inducit,
1085 3672 1165 3736 de
1192 3670 1403 3735 Marte
1427 3670 1510 3735 ab
1534 3668 1785 3735 Aloidis
1810 3667 2158 3755 aliquando
2181 3666 2421 3745 vincto,

310 3800 387 3844 ac
425 3775 705 3854 demum,
754 3772 1014 3839 Eriboea
1057 3773 1387 3861 prodente,
1436 3770 1746 3838 Mercurii
1787 3790 1905 3858 ope
1951 3767 2237 3846 liberato,
2283 3776 2424 3831 tum

310 3877 613 3967 temporis
654 3877 719 3941 in
757 3876 989 3965 vulgus
1032 3875 1282 3941 videtur
1323 3874 1521 3940 fuisse
1560 3872 1918 3950 notissima,
1948 3892 2096 3936 cum
2139 3868 2324 3935 nobis
2352 3891 2428 3934 ea

309 3982 395 4046 sit
459 3978 809 4060 obscurior,
864 3979 1023 4045 adeo
1085 3986 1157 4042 ut
1215 4000 1295 4043 ne
1358 3985 1532 4043 certo
1592 3975 1852 4063 quidem
1909 3980 2183 4049 constet,
2237 3972 2428 4057 cujus

316 4086 581 4171 μητρυιὴ
612 4082 1010 4170 intelligatur
1039 4081 1319 4161 Eriboea,
1344 4079 1658 4145 Martisue
1689 4099 1770 4143 an
1803 4074 2111 4143 Mercurii
2144 4096 2224 4138 an
2249 4074 2430 4137 Alo'i-

313 4188 563 4251 darum.
658 4184 997 4249 Indefinite
1032 4183 1200 4247 enim
1236 4183 1321 4247 ab
1361 4182 1555 4249 Hom.
1588 4181 1858 4247 dictum.
1953 4176 2028 4239 In
2074 4174 2196 4239 hoc
2234 4173 2432 4239 dubio

1360 4305 1403 4347 R
