3125 5009
1155 350 1401 401 ‘ranna
1418 352 1501 402 is.
2291 338 2384 409 87

266 494 579 595 AEschylo
604 521 659 564 v.
690 498 838 565 534.
871 506 971 567 est
999 502 1237 590 μητρὸς
1268 505 1570 592 ὀρεσκόου
1610 502 1977 595 βλάστημα,
2007 506 2123 573 etsi
2165 505 2382 575 Schol.

263 596 328 660 ¹d
370 598 451 663 ad
483 600 806 689 Antiopen
850 603 1175 690 quandam
1217 626 1325 671 seu
1361 605 1816 696 Parthenopen
1860 618 2126 674 matrem
2157 611 2380 692 trahit,

261 699 425 767 forte
473 702 803 770 immemor
848 712 1124 792 κυναγοῦ
1172 706 1564 787 Ἀταλάντης
1606 731 1707 797 ap.
1756 708 1914 775 Eur.
1959 709 2185 800 Suppl.
2234 712 2380 777 888.

269 800 459 869 Certe
516 804 787 893 priorem
846 806 1081 873 famam
1151 808 1281 875 sere
1350 820 1715 897 sequuntur
1769 810 2040 899 Tragici,
2104 814 2382 902 indeque

264 904 519 971 heroem
562 907 770 995 patria
815 908 1076 997 quidem
1133 908 1383 977 faciunt
1422 911 1700 992 Arcada,
1745 923 1812 978 at
1863 935 2124 1001 puerum
2174 916 2383 1003 Argos

264 1008 651 1075 concessisse
695 1018 975 1089 narrant,
1021 1012 1190 1077 unde
1236 1012 1507 1100 posthac
1546 1035 1662 1102 pro
1701 1014 1942 1101 Argivo
1982 1037 2049 1081 se
2088 1017 2381 1103 gessisse.

266 1110 349 1175 V.
376 1110 493 1177 loc.
518 1111 628 1177 cit.
659 1110 876 1201 Eurip.
905 1121 968 1178 et
994 1110 1290 1202 AEschyl.
1313 1113 1378 1179 S.
1402 1114 1475 1180 T.
1501 1117 1648 1181 550.
1671 1115 1972 1245 Sophocl.
2001 1116 2081 1183 Ο.
2103 1117 2178 1183 C.
2196 1119 2382 1185 1385.

266 1211 436 1279 Hinc
456 1210 748 1303 Euripid.
778 1214 1011 1283 Phoen.
1034 1214 1217 1281 1160.
1263 1213 1418 1285 ο’03
1445 1217 1700 1306 Ἀρκὰς,
1720 1220 1835 1286 οὐκ
1863 1218 2177 1308 Ἀργεῖος,
2201 1222 2384 1289 ’·Ατα

267 1312 509 1394 Man-nc
534 1320 758 1405 γόνος.
854 1316 955 1383 Ita
978 1318 1137 1384 bene
1167 1319 1250 1384 ab
1269 1318 1659 1386 Antimacho
1681 1320 1962 1408 Argivus
1993 1323 2202 1409 potuit
2231 1324 2383 1418 diei

263 1417 344 1483 ab
375 1418 577 1485 altera
605 1440 833 1507 nempe
862 1418 1089 1506 patria.
1180 1418 1389 1487 Statio
1418 1442 1671 1510 semper
1720 1431 1983 1489 vocatur
2013 1424 2233 1504 Arcas,
2261 1424 2380 1489 Th.

267 1517 387 1600 VI,
414 1520 564 1586 561.
598 1519 723 1603 IX,
757 1521 905 1587 858.
936 1530 1001 1588 et
1029 1522 1202 1589 alibi.

1192 1846 1454 1913 XXXI.

272 2063 463 2130 IDEM
516 2064 597 2130 ad
648 2063 818 2152 Sept.
854 2085 912 2130 ο.
944 2064 1065 2129 Th.
1103 2064 1242 2130 166.
1274 2086 1336 2153 p.
1370 2065 1473 2131 76.
1498 2064 1721 2154 steph.
1804 2065 2011 2153 Ὄγκα
2056 2068 2092 2144 ἡ
2145 2066 2383 2146 Ἀθηνᾶ

269 2168 439 2255 παρὰ
501 2164 815 2255 Θηβαίοις
882 2170 1146 2255 ἐτιμᾶτο.
1252 2166 1341 2231 Et
1400 2168 1622 2255 paucis
1676 2166 2058 2255 interjectis:
2121 2166 2386 2256 Ὀγκαία

272 2274 489 2337 τοίνυν
537 2270 577 2345 ἡ
626 2267 865 2347 Ἀθηνᾶ
911 2273 1150 2354 τιμᾶται
1195 2271 1365 2357 παρὰ
1415 2267 1750 2358 Θηβαίοις.
1847 2268 2053 2357 Ὄγκα
2107 2267 2168 2338 δὲ
2216 2273 2386 2358 παρὰ

275 2368 563 2447 Φοίνιξιν
619 2372 656 2448 ἦ
704 2368 968 2451 Ἀθηνᾶ,
1016 2376 1111 2439 καὶ
1160 2372 1441 2458 Ὀγκαίαι
1484 2370 1700 2439 πύλαι.
1797 2375 2114 2456 Μέμνηται
2159 2375 2386 2439 τούτου

276 2476 373 2541 καὶ
406 2468 795 2561 Ἀντίμαχος
824 2478 922 2541 καὶ
952 2470 1224 2551 Ῥιανός.
1304 2472 1405 2538 De
1436 2472 1885 2559 antiquissimo
1914 2472 2037 2539 hoc
2072 2473 2386 2539 Minervae

272 2574 670 2661 cognomine,
719 2574 891 2663 apud
940 2573 1281 2641 Thebanos
1342 2574 1692 2663 praesertim
1753 2574 2026 2663 proprio,
2065 2574 2285 2663 Ὄγγα
2336 2596 2384 2640 s·

264 2676 473 2764 Ὄγκα
502 2697 753 2742 monere
784 2676 1182 2765 supersedeo,
1212 2698 1415 2764 quum
1447 2674 1528 2742 de
1558 2697 1632 2743 eo
1664 2674 2011 2763 sategerint
2041 2674 2194 2742 VV.
2230 2674 2386 2740 DD.

279 2801 335 2843 ν.
371 2778 588 2868 Intpp.
616 2779 697 2843 ad
730 2775 1021 2867 AEschyl.
1052 2777 1093 2843 l.
1126 2796 1191 2843 ce
1218 2801 1275 2865 p.
1302 2777 1449 2844 235.
1474 2777 1575 2843 ed.
1609 2776 1748 2842 Cel.
1773 2776 2033 2844 Schiitz.
2064 2776 2280 2865 Intpp.
2303 2778 2384 2843 ad

278 2876 563 2967 Hesycb.
590 2878 664 2945 T.
690 2879 778 2945 11.
811 2903 874 2969 p.
908 2880 1051 2946 713.
1129 2879 1441 2946 Valcken.
1477 2880 1581 2946 Ad
1611 2877 1764 2945 Eur.
1789 2879 2021 2946 Phoen.
2055 2902 2120 2969 p.
2143 2879 2291 2944 726.
2325 2890 2390 2945 et

276 2981 381 3047 Ill.
416 2980 621 3071 Heyn.
647 2983 729 3049 ad
761 2982 1057 3071 Apollod.
1084 3004 1146 3071 p.
1181 2984 1325 3048 553.
1389 2980 1692 3049 Scholion
1715 2990 1930 3049 autern
1961 2991 2268 3062 nostrum,
2293 2991 2390 3049 et-

276 3084 331 3150 si
360 3106 489 3152 non
519 3084 685 3151 clare
715 3083 896 3165 dicit,
944 3084 1132 3173 cujus
1191 3084 1279 3151 rei
1335 3084 1739 3173 potissimum
1791 3082 2152 3150 meminerit
2205 3083 2394 3150 Anti-
2435 3116 2442 3125 ·

278 3186 569 3269 machus,
616 3209 740 3253 non
774 3187 1020 3253 videtur
1067 3197 1275 3253 tamen
1309 3187 1389 3254 ad
1424 3186 1651 3277 fragm.
1683 3209 1719 3253 e
1758 3186 2041 3252 Pausan.
2081 3194 2270 3253 antea
2305 3185 2390 3251 N.

284 3288 544 3355 XVIII.
572 3289 839 3356 allatum
870 3288 1197 3379 respicere.

1185 3554 1489 3621 XXXII.

285 3759 534 3827 Vnus
583 3756 883 3823 Scholion
926 3754 1008 3822 ad
1054 3754 1214 3821 Stat.
1242 3754 1447 3821 Theb.
1483 3752 1612 3835 111,
1641 3753 1790 3821 466.
1825 3750 1904 3819 ad
1945 3750 2199 3819 Gemini
2225 3764 2397 3819 vates

286 3864 351 3929 h.
384 3885 439 3929 e.
474 3861 840 3948 Melampus
880 3869 947 3925 et
974 3856 1426 3946 Amphiaraus,
1456 3857 1632 3945 quod
1677 3856 1956 3944 primum
2006 3855 2208 3921 edidit
2239 3854 2400 3921 Bar-

285 3966 491 4034 thius:
545 3962 812 4043 Dicunt,
820 3972 1073 4049 poetam
1091 3961 1213 4025 ista
1237 3960 1443 4026 omnia
1461 3980 1534 4025 ex
1571 3956 1792 4024 Graeco
1811 3969 2001 4045 poeta
2024 3955 2399 4023 Antimacho

287 4066 625 4148 deduxisse,
658 4066 767 4153 qui
795 4076 855 4131 et
884 4064 1011 4151 ipse
1026 4084 1265 4151 ...gam
1304 4060 1672 4128 Thebaidem
1709 4059 1976 4147 scripsit,
2005 4070 2066 4126 et
2093 4058 2402 4125 veteribus

290 4170 357 4235 in
384 4190 607 4257 magno
632 4168 834 4253 pretio
865 4164 1163 4232 habitam.
1254 4163 1553 4231 Scholion
1581 4185 1618 4229 a
1645 4163 1986 4230 recentiore
2015 4182 2210 4227 manu
2240 4182 2400 4239 esse,
