3125 5009
1216 363 1557 415 EPIGONI.
2343 338 2438 409 99

316 509 462 575 dem
487 510 757 597 posthac
783 510 1024 577 dictam
1056 514 1226 600 ἱερὸν
1257 510 1495 601 ἄντρου
1522 508 1836 590 Μηδείηςέ
1885 511 1999 577 sed
2022 509 2439 598 magnificum

314 612 454 698 ejus
502 612 713 679 locum
764 613 901 701 ipse
942 614 1179 679 adiisse
1224 616 1543 679 neminem
1587 614 1926 701 poenitebit
1977 636 2017 679 a
2056 634 2240 678 versu
2290 611 2440 677 inde

320 715 508 795 1128,
537 737 687 803 sqq.
722 715 895 781 Cum
924 737 1129 801 eoque
1172 717 1253 782 cf.
1288 715 1537 803 Orphic
1575 717 1784 796 1330„
1816 716 1926 781 ubi
1978 716 2117 780 haec
2149 713 2440 801 jejunius

318 825 599 885 tractata
630 827 805 883 sunt.
898 818 1078 883 Alias
1120 818 1515 884 narrationes
1555 819 1964 906 persequitur
1994 816 2210 884 Schol.
2240 816 2443 904 Apol-

319 920 447 985 lon.
480 920 526 985 l.
561 942 631 987 .c.
666 931 730 986 et
759 920 840 985 ad
878 943 939 986 v·
979 922 1160 986 1141.
1200 922 1385 985 1217.
1478 920 1640 986 Post
1669 927 1954 999 ποταμοῦ
2001 941 2230 985 nomen
2260 918 2442 983 fluvii

316 1022 634 1088 excidisse
659 1022 928 1089 videtur.
1018 1022 1124 1087 An
1169 1022 1297 1087 fuit
1341 1020 1625 1101 Φάσιδος
1673 1024 1770 1089 vel
1822 1020 2218 1090 Πακτώλουῗ
2307 1020 2443 1086 Ab·

317 1124 679 1193 horrentem
718 1125 802 1191 ab
844 1125 947 1190 his
978 1125 1309 1212 adoptavit
1350 1126 1638 1191 fabulam
1669 1124 1885 1190 Valer.
1926 1123 2026 1189 Fl.
2057 1123 2256 1203 VIII,
2286 1123 2437 1202 217,

316 1251 463 1316 sqq.
495 1249 783 1307 narrans,
804 1228 870 1293 in
901 1228 1111 1293 insula
1136 1228 1350 1293 Peuce
1374 1227 1637 1315 nuptias
1661 1228 1975 1315 inceptas,
1996 1247 2144 1292 mox
2172 1225 2436 1312 Absyrti
2471 1278 2478 1285 .

322 1332 537 1399 subito
569 1333 850 1398 adventu
883 1331 1269 1419 interruptas
1299 1330 1520 1407 fuisse.

960 1807 1087 1873 111.
1178 1806 1232 1873 E
1261 1808 1325 1873 11
1355 1807 1384 1873 Ι
1414 1792 1795 1874 ΓΟΝΟἸ.

1227 2072 1547 2137 XLVIII.

578 2302 720 2385 Νῦν
758 2301 923 2385 αὖθ’
961 2296 1350 2421 ὁπλοτέρων
1390 2295 1629 2419 ἀνδρῶν
1668 2292 2045 2415 ἀρχώμεθα,
2081 2338 2194 2349 —-

328 2553 520 2621 Huic
554 2553 788 2635 versui,
832 2553 946 2641 qui
986 2551 1225 2640 legitur
1268 2550 1336 2615 in
1383 2547 1826 2634 Aristophan.,
1862 2544 2033 2608 Pace
2077 2540 2293 2619 1269„
2323 2537 2441 2604 ad-

324 2658 635 2746 scriptum
664 2655 861 2723 estin
905 2653 1123 2721 Schol.
1212 2652 1421 2741 Ἀρχὴ
1460 2654 1591 2718 τῶν
1631 2648 1998 2735 Ἐπιγόνων
2020 2644 2436 2729 Ἀντιμάχου.

333 2760 527 2837 Quod
576 2760 628 2825 si
681 2766 926 2824 certum
972 2766 1163 2837 esset,
1210 2763 1399 2842 poeta
1444 2761 1656 2817 noster
1699 2750 2010 2815 ditaretur
2055 2766 2218 2810 novo
2261 2743 2444 2830 epico

326 2862 627 2942 carmine,
652 2861 827 2949 quod
858 2882 897 2925 a
923 2858 1175 2925 nemine
1220 2855 1348 2923 alio
1390 2865 1619 2942 praeter
1657 2851 1833 2918 hunc
1882 2847 2286 2916 Scholiasten
2331 2864 2443 2910 ex-

326 2968 600 3034 citatum
642 2963 871 3052 reperi.
959 2960 1203 3026 Verum
1243 2957 1442 3025 dubia
1485 2957 1740 3021 videtur
1784 2974 1885 3019 res
1932 2972 2089 3017 esse.
2181 2947 2326 3013 Hoc
2373 2956 2447 3011 ut

330 3070 559 3136 melius
607 3066 1031 3155 intelligatur,
1080 3085 1119 3126 a
1157 3084 1343 3129 versu
1383 3059 1533 3125 inde
1569 3057 1756 3137 1264,
1789 3052 2040 3120 Comici
2076 3051 2261 3116 filum
2305 3069 2450 3135 per-
2519 3104 2530 3113 .

330 3194 585 3261 sequar.
678 3168 778 3233 Ibi
834 3189 1062 3254 nempe
1117 3164 1452 3255 Trygaeus,
1502 3182 1775 3249 persona
1831 3156 2127 3245 princeps
2185 3150 2449 3230 sabulae,

334 3274 617 3343 dimissis
646 3271 907 3339 tandem
936 3267 1257 3349 omnibus,
1283 3265 1397 3354 qui
1438 3264 1752 3331 bellorum
1782 3267 2170 3348 apparatum
2200 3260 2450 3321 curant,

335 3376 596 3466 nuptias
626 3394 777 3440 suas
806 3394 956 3438 cum
986 3369 1205 3457 Opora
1245 3369 1587 3446 adornans,
1616 3365 1782 3430 duos
1826 3380 2055 3450 pueros
2094 3353 2451 3443 conspexit,

336 3482 530 3546 domo
556 3475 979 3565 egredientes,
1012 3481 1086 3537 ut
1116 3492 1419 3559 sponsam
1446 3465 1849 3556 nuptialibus
1880 3458 2219 3529 cantilenis
2248 3456 2454 3523 dedu-

337 3588 573 3653 cerent.
662 3578 801 3644 Hos
831 3576 1006 3642 illico
1034 3575 1120 3640 ad
1150 3594 1219 3639 se
1248 3581 1457 3652 vocat,
1473 3569 1794 3658 jubetque
1822 3565 2121 3653 primum,
2145 3583 2214 3626 se
2236 3578 2451 3626 coram

339 3682 613 3752 canendi
642 3679 999 3769 periculum
1031 3675 1261 3741 facere.
1354 3672 1483 3739 Hic
1530 3693 1698 3738 unus
1738 3687 2100 3757 puerorum,
2137 3660 2325 3751 quasi
2356 3680 2455 3725 res

336 3808 487 3855 suas
537 3784 750 3849 minus
800 3781 962 3847 bene
1014 3778 1304 3859 edoctus,
1356 3774 1622 3864 incipit:
1695 3779 1831 3839 Νῦν
1885 3766 2029 3836 αὖθ’
2085 3764 2456 3850 ὁπλοτέρων

340 3890 595 3982 ἀνδρῶν
617 3882 1316 3977 ἀρχώμεθα-Παῦσαι,
1327 3889 1401 3945 ut
1410 3877 1856 3945 hexametrum
1871 3869 2210 3957 compleat,
2219 3866 2457 3931 clamat

340 3994 674 4083 Trygoeus,
719 3988 839 4069 vir,
881 3986 998 4075 qui
1043 4004 1239 4063 arma,
1283 4001 1561 4069 quaeque
1607 3977 1848 4043 bellum
1895 3972 2198 4045 redolent,
2243 3964 2459 4033 omnia

341 4117 552 4185 angue
610 4093 793 4182 pejus
852 4096 1201 4155 aversatur.
1289 4083 1437 4149 Jam
1498 4102 1740 4159 versus,
1792 4076 1905 4165 qui
1964 4075 2057 4140 sic
2116 4072 2184 4136 in
2232 4070 2458 4157 jocum

342 4200 779 4287 detorquetur,
810 4198 1243 4282 spectatorum
1274 4187 1484 4254 turbae
1514 4181 1886 4251 tritissimus
1929 4198 2071 4243 esse
2110 4170 2357 4251 debuit,
2387 4176 2462 4233 ut
