3125 5009
682 346 777 414 92
1286 362 1724 411 AN'rmAcffl
1781 357 2188 414 RELlQUIAE.

690 512 1025 592 Pisander,
1046 510 1479 575 Antimachus
1502 520 1568 575 et
1586 483 1967 595 Euripides}
2013 505 2124 570 sed
2153 501 2378 569 eratin
2395 500 2518 563 hac
2539 492 2806 608 historia

688 636 787 679 res
816 614 1077 679 maximi
1117 613 1443 679 momenti.
1534 611 1706 677 Nam
1748 611 1801 675 si
1843 631 2032 675 curru
2073 605 2246 694 regio
2272 614 2495 669 vectus
2526 598 2808 683 OEdipus

690 717 967 782 venisset
992 715 1267 794 Thebas,
1307 728 1422 781 aut
1462 715 1516 779 si
1554 736 1776 778 currus
1807 712 2083 777 infectus
2113 706 2428 793 sanguine
2457 699 2810 812 quomodo-

692 841 951 907 cunque
987 818 1244 883 Thebas
1283 817 1510 882 fuisset
1552 816 1892 893 deductus,
1933 810 2048 901 qui
2087 810 2348 876 tandein
2394 806 2605 919 caedes
2646 823 2813 889 regls

694 929 831 985 tam
868 920 983 985 diu
1027 920 1346 1006 potuisset
1387 919 1455 983 in
1496 919 1771 983 obscuro
1817 915 2058 981 latere?
2145 910 2444 998 Turpiter
2486 920 2705 993 itaque
2745 925 2814 1017 se

696 1022 877 1087 dedit
933 1022 1000 1086 in
1052 1021 1377 1086 elaborata
1434 1043 1552 1085 sua
1608 1018 1938 1084 Thebaide
1995 1014 2262 1093 Statium,
2322 1012 2614 1078 umbram
2675 1008 2814 1071 Lau

699 1126 972 1213 fingens,
1003 1125 1157 1188 dum
1190 1124 1433 1211 regiam
1463 1123 1751 1201 intraret,
1773 1121 1911 1186 viso
1940 1141 2127 1184 curru
2155 1116 2355 1183 fuisse
2383 1112 2816 1190 conterritam,

705 1223 796 1301 II,
821 1224 925 1287 65.
991 1222 1332 1287 Barthium
1352 1221 1674 1287 duntaxat
1694 1218 2041 1284 offendisse
2067 1216 2364 1280 videntur
2387 1221 2534 1301 post
2564 1218 2820 1275 tantum

702 1325 1007 1411 temporis
1034 1324 1249 1389 adhuc
1283 1321 1503 1411 irffecti
1530 1322 1834 1410 sanguine
1865 1342 2084 1385 currus
2102 1344 2126 1391 ,·
2171 1318 2283 1383 sed
2313 1317 2396 1382 ob
2425 1338 2590 1395 eam,
2622 1334 2818 1401 quam

705 1428 866 1507 dixi,
896 1428 1204 1493 rationem
1232 1436 1369 1493 tota
1399 1427 1576 1492 fictio
1605 1435 1704 1491 est
1732 1424 2136 1513 perridicula.
2227 1422 2390 1487 Haec
2423 1420 2560 1485 Ille.

1516 1742 1950 1849 ⁴xxxvn.

940 2004 1177 2087 Γὲνναν
1220 1994 1587 2124 Καβρῖξὺου
1626 2008 1830 2127 &iuter
1869 2002 2239 2108 οἷγακλὲας
2275 2004 2616 2122 ὄργεῶνας.

714 2248 979 2313 SmDAs
1012 2273 1068 2312 v.
1094 2246 1471 2336 Ὀργεῶυες,
1504 2260 1579 2315 ut
1607 2250 1834 2314 doceat
1869 2250 2246 2315 vocabulum
2281 2251 2527 2337 ὀργεώυ
2559 2247 2834 2312 subinde

715 2352 1088 2438 simpliciter
1134 2352 1215 2417 de
1260 2354 1576 2417 sacerdote
1628 2352 2009 2431 adhibitum,
2056 2353 2280 2418 laudat
2329 2351 2714 2439 AEschylum
2760 2350 2829 2414 in

718 2452 930 2539 Mysis
960 2460 1221 2541 (recept.
1252 2476 1315 2539 p.
1348 2456 1493 2520 878.
1536 2456 1639 2520 ed.
1679 2456 1886 2536 Pan),
1929 2464 2130 2543 atque
2169 2454 2626 2520 Antimachum
2657 2459 2722 2521 ἐν
2751 2456 2833 2541 τῇ

715 2553 894 2643 Λυδῇ
920 2561 1125 2643 γενεᾷ·
1175 2555 1570 2645 Καβᾶρυους
1597 2564 1785 2635 θῆκεν
1805 2557 2132 2645 ἆβακλέας
2153 2561 2498 2646 ὀργεῶυας.
2547 2556 2830 2621 Eosdem

717 2664 1009 2721 auctores
1034 2658 1301 2723 consilio
1324 2682 1451 2723 non
1479 2660 1606 2725 alio
1635 2660 1900 2725 adhibet
1929 2660 2394 2747 Harpocration
2425 2683 2486 2747 p.
2516 2660 2664 2724 265.
2751 2663 2832 2726 oi

717 2762 831 2841 μέν
859 2786 957 2825 τοι
994 2767 1245 2838 ποιηταὶ
1285 2762 1540 2829 ἔταττον
1580 2762 1861 2849 τοῦνομα
1899 2763 2128 2839 ἁπλῶς
2163 2768 2261 2830 ἐπὶ
2301 2767 2430 2830 τῶν
2476 2766 2709 2850 ἱερέων,
2739 2764 2832 2839 ὡς

718 2860 1109 2949 Ἀντίμαχός
1138 2891 1201 2928 τε
1240 2891 1365 2929 που
1396 2870 1493 2930 καὶ
1526 2864 1864 2953 Α’ίσχυλος
1893 2869 1960 2933 ἐν
1993 2874 2269 2942 Μυσοῖς.
2362 2864 2582 2930 Nostri
2623 2873 2832 2953 poetae

720 2962 915 3027 verba
932 2962 999 3025 in
1022 2961 1225 3029 Suida
1252 2964 1481 3030 misere
1503 2965 1862 3031 deformata
1883 2990 2041 3047 esse,
2065 2989 2252 3032 nemo
2275 2990 2404 3032 non
2424 2968 2616 3033 videt.
2663 2968 2830 3052 Nam

722 3062 928 3149 primo
966 3063 1154 3129 nihili
1196 3074 1351 3130 sunt
1380 3069 1446 3134 ἐν
1474 3072 1556 3155 τῇ
1586 3064 1762 3156 Λυδῇ
1787 3074 1992 3156 γενεᾷ.
2082 3070 2420 3157 Nusquam
2459 3070 2834 3136 Antimachi

721 3164 885 3229 liber
912 3166 1035 3232 hac
1070 3166 1485 3254 inscriptione
1514 3169 1754 3257 legitur
1785 3170 2172 3258 insignitus3
2229 3195 2346 3237 nec
2376 3173 2584 3261 magis
2623 3175 2835 3261 placet

726 3266 1059 3333 Maussaci
1090 3267 1270 3357 Λυδῇ
1288 3276 1568 3359 γενναίᾳ.
1644 3271 1818 3353 Fuit,
1845 3294 1994 3337 cum
2013 3276 2388 3363 suspicarer,
2413 3276 2477 3339 in
2501 3276 2832 3363 posteriori

724 3390 881 3434 voce
924 3370 1070 3435 libri
1120 3370 1527 3437 Antimachei
1581 3377 1916 3439 numerum
1962 3377 2206 3459 latere3
2267 3378 2380 3443 sed
2441 3400 2608 3444 nova
2661 3400 2836 3445 com-

722 3471 975 3538 minisci
1020 3473 1375 3559 periculum
1423 3484 1521 3540 est
1565 3475 1634 3539 in
1681 3477 1846 3557 loco,
1885 3479 1995 3564 qui
2041 3479 2183 3565 jam
2231 3480 2515 3565 plurium
2561 3481 2840 3547 Aristar-

723 3573 989 3639 chorum
1028 3596 1262 3639 manus
1302 3576 1523 3641 sensit.
1617 3576 1701 3643 H.
1735 3578 2048 3667 Stephan.
2080 3582 2150 3646 in
2185 3582 2497 3649 Thesauri
2534 3584 2607 3650 T.
2627 3584 2731 3650 ·11.
2764 3608 2830 3673 p.

730 3674 921 3739 1432.
971 3676 1239 3761 legitiv
1286 3675 1499 3757 Λήδης
1542 3685 1752 3767 γενεᾷ,
1788 3704 1936 3745 mox
1981 3683 2319 3770 ἆγακλέας,
2364 3686 2539 3773 quod
2583 3697 2649 3751 et
2691 3688 2838 3755 aliis

624 3816 629 3819 -
724 3795 842 3862 pro
880 3776 1186 3841 mendoso
1216 3776 1453 3865 ὀβακλ.
1497 3780 1565 3844 in
1605 3791 1884 3847 mentem
1915 3786 2106 3850 venit.
2199 3786 2485 3873 Longius
2528 3790 2839 3875 processit

727 3875 942 3941 Vales.
985 3876 1053 3942 in
1093 3880 1263 3944 notis
1302 3882 1634 3966 posterior.
1669 3884 1754 3949 ad
1802 3885 2182 3973 Harpocrat.
2223 3912 2288 3975 p.
2340 3890 2505 3979 126„
2546 3894 2620 3959 τὸ
2649 3898 2839 3981 ’γενεᾷ

726 3978 808 4043 ad
860 3979 1289 4067 fragmentum
1336 3981 1549 4069 ipsum
1598 3986 1918 4072 rejiciens,
1965 3990 2398 4057 emendando:
2445 3993 2840 4085 ἈΡ-τέμαχος

726 4085 793 4149 ἐν
835 4086 915 4171 τῇ
958 4081 1154 4171 Λῦὃῃ·
1206 4089 1447 4153 Γένναν
1496 4086 1852 4175 Καβάρνου
1895 4096 2084 4168 θῆκεν
2129 4090 2446 4179 ἆγακλέας
2489 4101 2842 4184 ὀργεῶνας,

732 4182 1016 4251 Cabarni
1028 4198 1307 4271 posteros
1330 4190 1667 4255 saterdotes
1695 4210 1834 4255 suos
1857 4194 2200 4275 constituit,
2233 4195 2417 4262 Ceres
2449 4200 2584 4265 scil.
2657 4200 2836 4267 Huic
