3125 5009
463 910 1504 993 SCHELLENBERGIO
1558 917 1806 1007 SUO,
1851 920 1943 993 S.
1987 920 2082 994 P.
2126 920 2230 994 D.

905 1112 1072 1187 FR.
1130 1114 1392 1190 AUG.
1447 1114 1794 1192 WOLF.

290 1368 536 1435 Rssm'r
578 1374 658 1437 ad
697 1372 807 1453 Te,
855 1373 1232 1442 Suavissime
1276 1376 1757 1464 Schellenbergi,
1796 1378 1971 1466 quod
2011 1379 2166 1442 mihi
2200 1402 2405 1467 nuper

285 1469 646 1566 tradidisti,
677 1474 999 1561 specimen
1028 1475 1336 1540 doctrinae
1358 1476 1535 1555 Tuae,
1560 1477 1813 1562 publice
1838 1498 2010 1557 mox,
2034 1479 2401 1543 moderante

287 1589 417 1647 me,
448 1591 483 1632 e
512 1571 817 1637 cathedra
845 1572 1339 1638 defendendum.
1431 1574 1631 1638 Redit
1660 1584 1876 1639 autem
1906 1576 2175 1654 tardiuS,
2206 1598 2401 1662 quam

282 1665 603 1749 volebam,
645 1680 712 1734 et
747 1669 845 1735 Tu
886 1671 1047 1735 forte
1085 1670 1515 1759 exspectatas·
1605 1672 1734 1751 Sed
1764 1673 1963 1761 hujus
1993 1695 2205 1751 morae,
2240 1673 2401 1754 vide,

285 1786 374 1827 ne
411 1764 508 1830 Tu
539 1767 700 1855 ipse,
732 1769 850 1856 qui
880 1791 1144 1835 causam
1174 1770 1545 1856 praebueris,
1576 1792 1659 1857 ex
1695 1781 1873 1858 parte
1912 1771 2107 1835 etiam
2140 1772 2399 1857 culpam

283 1863 631 1931 sustineas·
723 1866 891 1931 Nam
931 1868 1231 1955 gracilem
1271 1867 1581 1946 libellum,
1618 1868 1843 1954 quales
1873 1869 1998 1932 fere
2027 1878 2200 1947 sunt,
2233 1892 2399 1956 quos

283 1958 481 2027 hodie
539 1964 605 2027 in
662 1965 896 2030 nostris
949 1966 1130 2030 terris
1180 1965 1288 2029 isti
1344 1966 1713 2030 necessitati
1772 1967 2081 2046 scribunt,
2140 1968 2257 2031 abs
2308 1967 2399 2033 Te

283 2063 710 2147 exspectanti,
735 2065 1031 2129 volumen
1058 2063 1409 2129 exhibuisti
1439 2085 1752 2151 magnum
1784 2073 1849 2128 et
1873 2086 2231 2151 operosum,
2255 2075 2399 2130 tan-

283 2168 483 2246 toque
516 2171 827 2247 apparatu
859 2161 1237 2227 eruditionis
1265 2161 1623 2242 conditum,
1656 2171 1731 2225 ut
1758 2163 1857 2226 vel
1883 2162 1975 2242 id,
2008 2162 2183 2249 quod
2214 2160 2400 2253 flagi-

283 2258 493 2337 tabaS,
522 2281 651 2323 non
674 2260 866 2323 unius
897 2261 1070 2325 horae
1091 2268 1283 2325 esset.
1374 2259 1653 2324 Petebas
1674 2259 1867 2339 enim,
1890 2269 1965 2324 ut
1986 2282 2023 2325 a
2044 2259 2135 2324 Te
2160 2260 2400 2347 scripta

287 2357 486 2421 veloci
514 2358 702 2423 oculo
728 2380 1176 2446 percurrerem,
1207 2365 1294 2438 et,
1323 2357 1376 2421 si
1407 2358 1565 2445 quid
1590 2368 1780 2436 esset,
1804 2359 1981 2445 quod
2004 2358 2395 2423 monendum

283 2455 751 2537 addendumve,
781 2457 882 2522 vel
911 2457 1140 2521 melius
1167 2456 1693 2521 constituendum
1719 2456 2053 2537 videretur,
2084 2457 2396 2522 subnota-

284 2577 436 2619 rem.
529 2554 680 2620 Feci
704 2554 792 2635 id,
815 2565 882 2620 et
904 2555 1166 2642 quidem
1188 2554 1501 2619 curiosius
1511 2579 1529 2634 3
1563 2576 1773 2642 neque
1796 2554 2009 2618 adhuc
2035 2553 2394 2641 quidquam

281 2653 565 2719 alienum
608 2653 775 2719 inter
827 2675 1054 2718 manus
1102 2651 1323 2732 habui,
1374 2652 1479 2716 cui
1531 2652 1836 2737 majorem
1888 2651 2392 2718 sollicitudinem

279 2761 586 2839 praestare
632 2753 878 2817 vellem.
973 2750 1073 2815 Ita
1126 2772 1296 2830 vero,
1347 2750 1772 2836 negotiorum,
1820 2771 1971 2836 quae
2030 2771 2202 2814 nunc
2258 2751 2395 2837 ple-

279 2872 554 2937 rumque
605 2850 836 2938 frigida
881 2850 1166 2915 animum
1214 2858 1510 2928 avocant,
1557 2846 1894 2912 intervalla
1938 2848 2096 2911 dum
2136 2847 2391 2936 arripi0,

277 2971 455 3029 ecce,
500 2961 783 3014 cessator
825 2948 931 3013 fio.
1023 2946 1189 3023 Quae
1243 2946 1383 3034 ipsa
1427 2967 1526 3010 r-es
1580 2945 1874 3033 quamvis
1916 2943 2085 3024 Tibi,
2125 2945 2265 3031 jam
2307 2948 2388 3012 de

277 3047 548 3112 sarcinis
606 3046 986 3133 colligendis
1043 3044 1381 3131 cogitanti,
1443 3043 1659 3108 forsan
1708 3043 2018 3130 ingratior
2061 3042 2390 3124 acciderit,

275 3145 438 3211 mihi
484 3147 652 3232 pluS‚
701 3167 900 3233 quam
954 3144 1081 3208 dici
1128 3151 1350 3231 queat,
1405 3140 1755 3230 voluptatis
1806 3140 2050 3218 attulit,
2102 3163 2247 3205 cum
2296 3142 2389 3208 ita

273 3244 540 3331 ingenio
577 3243 716 3309 Tuo
751 3242 1078 3330 exquisita
1117 3240 1526 3329 antiquitatis
1566 3238 1796 3303 notitia
1825 3238 2144 3303 instructo
2175 3240 2389 3325 paullo

274 3342 522 3407 diutius
560 3340 710 3421 frui,
751 3340 1079 3427 studiique
1123 3337 1246 3403 Tui
1287 3337 1723 3423 pertinaciam,
1757 3336 1947 3423 cujus
1986 3357 2157 3422 saepe
2196 3347 2389 3402 antea

273 3450 600 3528 spectator
628 3438 912 3518 fuissem,
941 3438 1126 3503 novis
1167 3436 1438 3501 subinde
1469 3434 1780 3521 exemplis
1809 3454 2188 3520 cognoscere
2227 3434 2385 3499 mihi

272 3541 549 3605 daretur.
639 3536 899 3603 Etenim
950 3558 1160 3601 rerum
1203 3535 1504 3622 ipsarum,
1551 3555 1716 3620 quas
1772 3531 1917 3594 Tibi
1971 3530 2386 3596 illustrandas

271 3638 588 3718 sumsisti,
625 3638 767 3724 jam
805 3657 1019 3699 coram
1063 3633 1222 3713 dixi,
1266 3630 1753 3718 Schellenbergi,
1796 3650 1924 3693 non
1963 3650 2104 3692 eam
2150 3628 2279 3692 vim
2318 3639 2383 3694 et

273 3737 584 3802 rationem
619 3756 783 3815 esse,
825 3744 899 3799 ut
937 3733 1090 3797 solae
1131 3754 1232 3796 me
1277 3730 1400 3794 hoc
1447 3739 1730 3816 tempore
1779 3725 2051 3789 nimium
2096 3734 2376 3791 teneant.

273 3838 494 3924 Atque
523 3845 676 3898 sunt
703 3832 1017 3921 profect0,
1048 3851 1198 3919 quae
1227 3828 1521 3916 apponiS,
1547 3826 1668 3891 etsi
1698 3834 1764 3889 et
1792 3844 2081 3903 numer0,
2112 3832 2179 3887 et
2200 3823 2382 3887 boni-

271 3946 428 4014 tate,
451 3932 797 3997 multorum
817 3927 1358 4016 exspectationem
1382 3925 1572 3990 facile
1592 3931 1989 4011 superatura,
2010 3931 2225 3985 tamen
2251 3942 2378 3986 non

271 4033 400 4099 nisi
448 4051 699 4117 magnae
743 4051 946 4095 coenae
994 4026 1249 4091 minuta
1293 4023 1589 4103 frustula,
1640 4029 1708 4085 et
1763 4043 1913 4106 quae
1959 4017 2377 4104 cupiditatem

271 4129 482 4219 magis
510 4136 824 4208 moveant,
851 4147 1046 4214 quam
1078 4122 1332 4189 satient.
1424 4120 1661 4185 Verum
1692 4118 1760 4182 in
1790 4118 1905 4183 tali
1934 4115 2220 4205 periculo
2247 4138 2376 4180 non

271 4248 656 4319 magnopere
701 4236 814 4292 aut
861 4224 1053 4289 unice
1091 4219 1528 4309 spectaverim,
1568 4217 1757 4304 quale
1796 4223 2244 4303 quantumque
2274 4214 2379 4295 sit,

1470 4338 1510 4378 n
