3125 5009
711 362 797 431 14
1306 374 1756 426 AN'rmAcur
1795 368 2201 427 REMQmAE.

702 538 1246 620 cognosceremuS.
1343 527 1533 591 Nunc
1565 546 1643 590 ex
1674 524 1775 602 iis,
1807 544 1955 610 quae
1988 522 2052 585 in
2086 527 2369 583 veterum
2399 514 2577 578 libris
2605 512 2809 577 obiter

702 636 783 700 de
813 658 888 699 eo
912 633 1088 702 dicta
1111 638 1476 707 occurrunt,
1506 636 1723 693 nostra
1754 635 1961 713 petere
1987 631 2054 692 et
2077 630 2405 707 utcunque
2428 616 2809 694 concinnare

703 734 1031 799 debemuS.
2503 784 2513 791 .

791 834 981 900 AEtas
1011 836 1152 922 ejus
1183 834 1340 899 satis
1381 842 1555 898 certa
1592 830 1874 918 plurium
1916 836 2244 894 auctorum
2286 821 2647 889 testimonio
2688 828 2808 883 est.

706 938 876 1002 Nam
916 938 1190 1028 primum
1234 936 1562 1000 Diodorus
1603 933 1756 1015 Sic„
1788 933 1901 1021 qui
1942 930 2185 1019 alioqui
2231 928 2434 993 rarius
2473 926 2810 989 doctorum

705 1040 984 1106 virorum
1033 1048 1316 1127 tempora
1350 1046 1657 1103 annotare
1698 1036 1883 1115 solet,
1927 1056 2007 1099 ex
2054 1032 2443 1120 Apollodoro
2484 1036 2814 1105 memorat,

705 1142 880 1206 hunc
901 1144 1023 1207 sub
1047 1141 1197 1207 belli
1223 1138 1752 1227 Peloponnesiaci
1776 1137 2023 1205 exitum
2049 1147 2112 1200 et
2136 1155 2401 1213 annum,
2427 1155 2561 1219 quo
2584 1131 2817 1194 Artax-

710 1266 894 1308 erxes
942 1244 1254 1307 Mnemon
1298 1242 1498 1307 Dario
1545 1241 1706 1329 patri
1750 1240 2083 1320 successit,
2124 1228 2401 1303 nominis
2444 1234 2813 1300 celebritate

708 1346 1066 1409 floruissess*
1167 1344 1332 1408 Tum
1387 1344 1530 1409 aliae
1581 1344 1971 1407 narrationes
2022 1342 2145 1405 hoc
2191 1340 2591 1415 confirmant,
2642 1333 2812 1423 apud

710 1446 1106 1525 Ciceronem,
1138 1445 1627 1523 Plutarchum†
1659 1446 1945 1534 aliosque
1976 1444 2202 1523 obviae,
2234 1466 2381 1530 quae
2414 1440 2816 1527 Lysandrum

710 1550 1153 1637 imperatorem
1199 1559 1262 1614 et
1317 1548 1653 1613 Platonem
1704 1548 2157 1635 philosophum
2207 1546 2349 1632 ejus
2394 1544 2673 1631 oequales
2727 1542 2821 1605 fa-

709 1653 910 1717 ciunt.
999 1652 1271 1716 Accedit
1311 1651 1414 1715 his
1454 1649 1691 1715 Suidas
1730 1648 2323 1737 Lexicographus‚‡
2351 1647 2539 1733 cujus
2570 1644 2820 1723 notitia,

710 1754 830 1818 etsi
861 1753 987 1817 illis
1017 1753 1398 1818 auctoritate
1433 1752 1655 1839 utique
1684 1753 1891 1831 cedat,
1920 1751 2285 1817 melioribus
2315 1770 2486 1813 nunc
2516 1746 2821 1812 deficien-

711 1858 911 1936 tibus,
941 1879 982 1921 a
1012 1856 1193 1921 nobis
1225 1856 1290 1920 in
1321 1867 1534 1943 partes
1566 1856 1855 1919 vocanda
1886 1865 2002 1919 est.
2093 1854 2190 1919 Ibi
2216 1861 2601 1917 memoratur
2618 1843 2820 1917 fuisse

714 1958 1048 2047 Hyparchi
1079 1958 1274 2037 filius,
1303 1957 1558 2023 auditor
1590 1957 1979 2044 Panyasidis
2014 1966 2081 2021 et
2120 1954 2545 2035 Stesimbroti,
2578 1962 2641 2018 et
2668 1964 2822 2019 ante

714 2061 1054 2125 Platonem
1102 2060 1360 2141 vixisse,
1399 2082 1512 2124 seu
1547 2060 1765 2147 potius
1816 2069 2007 2123 natus
2053 2081 2210 2124 esse.
2317 2058 2459 2123 Hoc
2507 2057 2823 2144 posterius

711 2164 882 2227 enim
923 2164 977 2226 si
1008 2163 1074 2225 in
1106 2161 1306 2226 Suida
1338 2184 1689 2242 sumamus,
1731 2162 1989 2226 omnino
2032 2160 2159 2240 hic,
2192 2162 2367 2248 quod
2390 2160 2528 2246 jam
2570 2159 2824 2224 monuit

715 2264 1059 2342 Kiisterus,
1083 2285 1231 2327 cum
1255 2263 1514 2350 reliquis
1542 2263 1978 2351 scriptoribuS‚
2000 2257 2377 2329 nominati'm
2406 2262 2822 2346 Plutarcho‚§

713 2362 778 2424 in
813 2361 1216 2426 concordiam
1242 2361 1426 2441 redit,
1452 2362 1695 2449 quippe
1718 2363 1831 2449 qui
1860 2362 2199 2427 Platonem
2224 2361 2537 2451 aequalem
2558 2362 2822 2449 quidem

795 2641 828 2674 *
874 2638 1052 2698 Diod.
1084 2640 1202 2699 Sic.
1236 2640 1408 2699 XIII.
1448 2643 1583 2701 108.
1609 2641 1741 2701 belli
1772 2642 2251 2721 Peloponnesiaci
2278 2644 2513 2707 historia
2539 2646 2614 2705 ad
2646 2647 2821 2707 finem

715 2730 1017 2809 perducta,
1041 2732 1262 2810 pergit:
1309 2736 1527 2814 Μικρὸν
1549 2734 1607 2794 δὲ
1637 2748 1735 2807 τῆς
1762 2740 1983 2816 εἰρήνης
2001 2736 2229 2816 ὕστερον
2256 2740 2569 2813 ἐτελεύτησε
2588 2748 2826 2821 Δαρεῖος

715 2828 746 2883 ὁ
773 2834 871 2894 τῆς
897 2824 1098 2892 Ἀσίας
1119 2824 1417 2900 βασιλεὺς,
1456 2831 1628 2908 ἄρξας
1664 2827 1758 2900 ἕτη
1782 2829 2093 2890 δεκαεννέα·
2132 2836 2235 2902 τὴν
2268 2832 2311 2891 δ’
2337 2837 2644 2911 ἡγεμονίαν
2660 2836 2826 2897 διεδέ-

715 2918 845 2984 ξατο
872 2927 983 2976 τῶν
1012 2918 1148 2977 υἱῶν
1183 2922 1214 2977 ὁ
1252 2918 1644 2998 πρεσβύτατος
1682 2920 2059 3002 Ἀρταξέρξης,
2094 2928 2183 2983 καὶ
2222 2923 2379 3003 ἧρξεν
2406 2924 2499 2999 ἔτη
2532 2935 2659 3007 τρία
2686 2930 2827 3009 πρὸς

717 3016 848 3091 τοῖς.
869 3012 1298 3087 τεσσαράκοντα·
1342 3011 1466 3071 καθ’
1505 3013 1573 3072 ὃν
1612 3013 1678 3084 δὴ
1712 3018 1924 3093 χρόνον
1967 3020 2057 3075 καὶ
2074 3016 2425 3098 Ἀντίμαχον
2462 3021 2560 3081 τὸν
2594 3027 2827 3095 ποιητὴν

715 3098 1142 3192 Ἀττολλόδωρος
1169 3106 1199 3162 ὃ
1227 3102 1537 3175 Ἀθηναῖός
1564 3118 1735 3185 φησιν
1774 3106 2098 3180 ἠνθηκέναι.
2183 3109 2518 3187 Apollodori
2558 3114 2718 3175 locus
2763 3116 2824 3174 in

717 3208 890 3268 opere
935 3192 1355 3253 Chronicorum
1407 3195 1538 3269 fuit,
1598 3198 1672 3256 de
1728 3217 1848 3277 quo
1902 3219 1957 3259 v.
2020 3200 2113 3260 Ill.
2175 3202 2381 3282 Heyne
2426 3205 2502 3263 ad
2551 3208 2824 3286 Apollod.

719 3282 950 3361 Fragm.
996 3304 1055 3362 p.
1095 3288 1269 3346 1089.
1357 3288 1506 3347 Belli
1538 3290 1669 3349 finis
1711 3302 1771 3351 et
1811 3292 2143 3353 Artaxerxis
2183 3295 2240 3353 in
2288 3296 2595 3359 Persarum
2644 3321 2825 3382 regno

719 3376 1007 3435 successio
1037 3377 1301 3439 incidunt
1334 3381 1388 3439 in
1422 3401 1639 3441 annum
1663 3393 1932 3463 quartum
1963 3385 2060 3446 Ol.
2091 3389 2190 3447 93.
2224 3388 2297 3449 A.
2332 3390 2444 3450 Ch.
2476 3396 2616 3454 405.

797 3477 836 3537 †
884 3467 998 3525 Vit.
1033 3470 1311 3548 Lysandri
1338 3494 1398 3552 p.
1436 3477 1577 3533 443.
1609 3475 1679 3534 C.
1712 3476 1805 3535 ed.
1836 3478 2029 3537 Frcof.
2114 3480 2305 3541 Verba
2334 3504 2469 3544 mox
2496 3491 2826 3552 accuratius

718 3578 753 3615 a
783 3578 874 3617 me
909 3558 1292 3622 adducentur.
1380 3566 1468 3624 Ita
1507 3566 1650 3626 alios
1688 3588 1921 3647 quoque
1965 3571 2127 3631 locos
2167 3574 2261 3635 hic
2298 3586 2521 3638 tantum
2562 3581 2824 3657 innuere,

716 3652 959 3729 posthac
987 3653 1323 3731 diligentius
1352 3657 1571 3719 adferre
1600 3659 1817 3734 licebit,
1848 3671 1914 3722 ut
1939 3662 2155 3725 chartis
2182 3679 2467 3747 parcatur.

765 3753 825 3815 ·‡
871 3745 1018 3804 Voc.
1067 3746 1432 3831 Ἀντίμαχος.
1519 3758 1895 3835 Κολοφώνιος,
1945 3758 2063 3826 υἱὸς
2098 3758 2403 3845 Ὑπᾶρχου,
2443 3776 2825 3851 γραμματικὸς

718 3842 808 3895 καὶ
836 3842 1084 3909 ποιητής.
1169 3844 1334 3911 Τινὲς
1357 3845 1413 3904 δὲ
1436 3849 1523 3904 καὶ
1544 3847 1760 3919 οἰκέτην
1780 3850 1952 3910 αὑτὸν
1975 3852 2314 3932 ἀνέγραψαν
2342 3864 2695 3933 Πανυᾶσιδος
2729 3876 2827 3927 τοῦ

717 3938 964 4003 ποιητοῦ,
1001 3933 1155 3991 πάνυ
1205 3936 1559 4017 ψευσάμενοι.
1629 3936 1751 4000 Ἠν
1795 3947 1905 4020 γὰρ
1940 3944 2108 4005 αὐτοῦ
2152 3950 2421 4023 ἀκουστὴς
2462 3959 2549 4014 καὶ
2586 3962 2827 4039 Στησιμ-

715 4020 942 4099 βρότον.
1029 4028 1240 4100 Γέγονε
1279 4026 1337 4087 δὲ
1385 4031 1491 4109 πρὸ
1532 4034 1857 4102 Πλάτωνος.
1946 4036 2093 4097 Haec
2140 4038 2340 4100 Suidae
2382 4062 2487 4103 suo
2530 4067 2687 4108 more
2718 4071 2825 4109 ex-

649 4138 662 4145 ·
719 4112 932 4193 cerpsit
959 4114 1224 4176 Eudocia
1253 4119 1404 4181 Viol.
1436 4143 1492 4200 p.
1527 4124 1626 4183 61.

801 4211 828 4278 ξ
873 4206 910 4263 Ι.
943 4226 994 4265 c.
1036 4212 1303 4291 Πλᾶτῳν,
1341 4218 1459 4283 νέος
1487 4220 1566 4277 ὢν
1594 4221 1735 4289 τότε,
1771 4224 1857 4279 καὶ
1888 4221 2202 4303 θαυμάζων
2228 4228 2328 4288 τὸν
2353 4228 2706 4313 Ἀντίμαχον
2734 4240 2827 4299 ἐπὶ

719 4305 783 4378 τῇ
813 4308 1058 4381 ποιητικῇ
1089 4328 1136 4361 κ.
1168 4308 1225 4362 λ.
