3125 5009
695 340 790 409 36
1299 341 1745 423 ANTiMAcni
1786 364 2192 419 RELIQU1AE.

697 522 836 575 tum
879 519 1015 575 erat
1061 511 1320 592 honore,
1351 513 1834 577 anteferendum
1865 514 2225 578 censebat*
2316 512 2529 600 Cujus
2564 511 2801 599 judicii

697 633 931 693 causae,
961 634 1118 698 cum⁴
1153 613 1308 678 alibi
1337 636 1547 678 acrem
1577 624 1905 702 poetarum
1946 637 2269 680 censorem
2314 614 2506 679 Plato
2547 636 2613 679 se
2661 635 2806 699 ges-

699 713 870 791 serit,
912 713 1129 779 nescio
1165 738 1248 779 an
1300 715 1491 781 hodie
1529 738 1676 805 vere
1715 717 2007 805 indagari
2044 716 2295 804 possint
2319 740 2352 795 ;.
2392 726 2465 781 ut
2502 738 2621 780 nec
2651 714 2807 779 satis

695 824 970 894 constat,
1013 825 1329 903 quantum
1371 818 1546 883 illius
1593 819 1820 884 rationi
1866 820 2185 898 amicitiae,
2234 842 2381 905 quae
2425 818 2805 906 philosopho

697 938 846 979 cum
900 929 1114 983 nostro
1165 920 1549 1001 intercessit,
1599 922 2011 986 tribuendum
2060 922 2166 985 sit.
2270 920 2444 985 Talis
2490 930 2704 985 tamen
2748 920 2804 984 is

699 1017 875 1083 favor
921 1028 1038 1100 est,
1082 1023 1339 1108 qualem
1389 1022 1631 1110 iniquis
1666 1024 1933 1088 aliorum
1970 1024 2243 1110 judiciis
2280 1024 2468 1089 facile
2498 1045 2805 1110 opponas·

703 1119 807 1183 Ex
839 1121 942 1185 his
973 1122 1220 1187 nullum
1254 1126 1458 1211 magis
1501 1126 1797 1191 videatur
1840 1126 2143 1207 notabile,
2184 1150 2380 1214 quam
2417 1127 2804 1206 Callimachi

698 1222 885 1303 illud,
941 1246 1070 1311 quo
1120 1224 1336 1312 Lyden
1391 1228 1590 1291 nostri
1640 1229 1876 1316 pingue
1924 1251 2179 1293 carmen
2236 1238 2302 1294 et
2352 1230 2806 1334 perspicuitate

699 1324 1574 1415 elegantiaque‘destitutum
1632 1332 1953 1411 dixerat.†
2070 1332 2327 1420 Quippe
2381 1334 2445 1396 id
2481 1333 2805 1419 judicium
2848 1398 2853 1403 .

699 1447 775 1489 eo
803 1428 1010 1514 magis
1040 1430 1402 1495 mirandum
1433 1443 1532 1496 est
1563 1434 1645 1497 ab
1676 1456 1751 1498 eo
1781 1428 1969 1521 poet'a
1994 1436 2162 1515 ferri,
2193 1436 2331 1523 qui,
2357 1459 2501 1522 quae
2527 1436 2592 1499 in
2617 1435 2808 1499 Anti-

700 1527 928 1592 macho
959 1531 1041 1594 ab
1071 1532 1358 1619 antiquis
1387 1538 1690 1599 notantur
1718 1536 1898 1618 vitia,
1932 1539 1996 1601 in
2020 1537 2289 1625 propriis
2314 1538 2641 1603 laboribus
2668 1560 2810 1625 par-

700 1630 816 1693 tim
851 1653 974 1695 non
995 1635 1254 1697 omnino
1270 1635 1510 1699 cavisse
1534 1629 1889 1723 repetitura·
1958 1642 2045 1704 At
2064 1641 2225 1703 forte
2244 1642 2450 1726 majus
2474 1640 2807 1727 quiddam,

702 1753 898 1815 quam
919 1755 1146 1798 vocum
1169 1736 1473 1801 rariorum
1503 1760 1711 1819 usum,
1735 1741 2045 1826 prolixam
2070 1743 2439 1822 orationem,
2467 1742 2809 1831 inepteque

607 1866 621 1882 ·
687 1830 959 1918 'longius
999 1837 1368 1902 arcessitam
1407 1840 1786 1921 doctrinam,
1836 1852 2025 1931 poeta
2064 1844 2327 1909 criticus
2368 1845 2434 1908 in
2474 1844 2650 1931 Lyde
2684 1845 2807 1909 sibi

698 1934 1220 2003 animadvertisse
1249 1935 1629 2007 videbatur.¹
1720 1984 1725 1991 ι

789 2034 914 2101 Sed
947 2040 1172 2103 eodem
1205 2044 1506 2128 temporis
1537 2036 1747 2111 tractu
1780 2047 1968 2136 longe
2000 2049 2311 2135 aequiores
2330 2048 2599 2115 &bitros
2622 2050 2810 2115 Anti-

700 2139 913 2201 machi
949 2143 1181 2226 poesiS,
1223 2143 1496 2209 Thebais
1533 2158 1723 2227 certe,
1758 2162 2017 2237 experta
2056 2160 2172 2215 est.
2267 2151 2518 2240 Nempe
2549 2155 2805 2219 fuerunt

698 2250 838 2302 tum
877 2241 1318 2323 Grammatici,
1359 2240 1823 2336 Aristophanes
1859 2252 2239 2339 ByzantiuS,
2274 2264 2339 2320 et
2369 2256 2805 2338 AristarchUS,

699 2341 1140 2422 Alexandrini,
1169 2348 1281 2433 qui
1313 2359 1646 2433 poetarum
1676 2352 2073 2441 aliorumque
2104 2366 2465 2439 auctorum,
2497 2360 2608 2447 qui
2652 2370 2801 2426 ante

699 2466 881 2507 suam
913 2454 1171 2511 aetatem
1203 2449 1564 2530 floruerant,
1606 2454 1900 2519 criticum
1931 2457 2341 2525 instituerent
2370 2460 2710 2545 delectum,
2740 2474 2806 2529 et

784 2713 816 2745 ³³⁵
863 2712 1074 2772 Narrat
1111 2714 1222 2775 hoc
1260 2738 1332 2776 ex
1376 2718 1502 2797 ipso
1532 2722 1854 2784 ‘Heraclide
1902 2726 2146 2787 Proclus
2187 2730 2514 2791 Comment.
2548 2733 2607 2817 in
2648 2735 2799 2795 Plat.
2880 2754 2887 2764 ·

695 2801 842 2861 Tim.
877 2804 921 2861 I.
950 2825 1004 2883 p.
1031 2809 1127 2865 28.
1153 2812 1300 2869 med.
1387 2812 1566 2892 Ε’ίπερ
1590 2802 1679 2884 ’τις
1718 2821 1895 2886 ἄλλος
1929 2825 2017 2879 καὶ
2054 2836 2295 2895 ποιητῶν
2318 2829 2541 2904 ἄριστος
2569 2833 2747 2907 κριτὴς
2776 2834 2807 2889 ὁ
2882 2890 2895 2910 ‚

697 2898 966 2970 Πλάτων,
988 2906 1060 2966 ὡς
1088 2906 1176 2959 καὶ
1200 2908 1489 2979 Λογγῖνος
1511 2915 1859 2981 συνίστησιν.
1931 2911 2297 2992 Ἡρακλείδης
2322 2927 2461 2993 γοῦν
2489 2922 2518 2978 ὁ
2539 2926 2808 2989 Ποντικός
2844 2988 2857 3001 ·

691 3000 882 3065 φησιν,
913 2992 995 3050 ὅτι
1024 3003 1133 3051 τῶν
1164 3001 1463 3073 Χοιρίλλου
1492 3002 1613 3059 τότε
1634 3001 2083 3081 εὐδοκιμούντων,
2108 3011 2353 3069 Πλάτων
2370 3018 2439 3071 τὰ
2460 3012 2807 3093 Ἀντιμάχου

693 3084 1082 3161 προῦτίμησεν,
1103 3090 1190 3145 καὶ
1210 3088 1382 3146 αὐτὸν
1399 3090 1581 3150 ἔπεισε
1601 3094 1700 3152 τὸν
1720 3094 2088 3173 Ἡρακλείδην
2105 3104 2183 3167 εἰς
2209 3100 2522 3184 Κολοφῶνα
2542 3105 2809 3179 ἐλθόντα,

695 3176 764 3230 τὰ
801 3178 1082 3253 ποιήματα
1116 3182 1380 3249 συλλέξαι
1409 3191 1502 3242 τοῦ
1532 3185 1756 3265 ἀνδρός.
1841 3191 2049 3262 Μάτην
2081 3190 2181 3251 οὖν
2201 3200 2552 3277 φληναφοῦσι
2576 3198 2803 3259 Καλλί-

692 3289 880 3343 μαχος
917 3272 1006 3326 καὶ
1045 3275 1266 3349 Δοῦρις,
1307 3279 1380 3339 ὡς
1419 3279 1723 3345 Πλάτωνος
1762 3285 1860 3339 οὒκ
1897 3282 2057 3349 ὄντος
2097 3286 2283 3345 ἱκανοῦ
2320 3296 2528 3367 κρίνειν
2557 3296 2807 3365 ποιητάς.

695 3354 808 3412 Pro
837 3364 1138 3438 Χοιρίλλου
1165 3362 1332 3421 scrib.
1367 3372 1645 3446 Χοιρίλον.
1678 3370 1957 3431 Vitiosum
1980 3394 2137 3453 saepe
2164 3380 2430 3439 occurrit.

775 3457 812 3518 †
861 3449 1152 3511 Discimus
1195 3475 1227 3513 e
1262 3455 1606 3534 fragment0‚
1646 3482 1823 3541 parvo
1860 3464 2096 3542 quidem
2143 3470 2243 3529 sed
2280 3474 2574 3551 quantivis
2608 3478 2798 3555 pretii,

651 3612 656 3617 ὓ
693 3541 851 3616 quod
899 3562 932 3601 e
973 3543 1130 3604 Msto
1178 3568 1361 3626 nuper
1399 3550 1459 3610 in'
1503 3553 1692 3614 lucem
1731 3555 1913 3615 edidit
1958 3557 2363 3624 Excellentiss.
2413 3568 2800 3631 Ruhnkenius

691 3632 927 3692 Auctar.
963 3636 1191 3716 Fragm.
1223 3640 1453 3700 Callim-
1483 3645 1550 3703 Τ.
1585 3647 1632 3703 Ι.
1664 3666 1721 3724 p.
1748 3652 1883 3708 574.
1973 3649 2103 3715 “Orc
2130 3654 2498 3733 διαβέβληται
2526 3664 2587 3722 τὸ
2617 3664 2798 3745 mlxi),

695 3737 883 3805 σαφῶς
911 3732 941 3788 ὁ
973 3729 1356 3813 Καλλίμαχος
1383 3738 1445 3795 ἐν
1474 3747 1590 3805 τοῖς
1628 3738 2051 3823 Ἐπιγράμμασι
2082 3748 2261 3821 δηλοῖ.
2351 3756 2647 3833 Διασῦρων
2688 3764 2801 3837 γὰρ

691 3816 1038 3899 Ἀντιμάχου
1067 3825 1129 3882 τὸ
1157 3831 1369 3905 ποίημα
1396 3833 1496 3899 τὴν
1523 3831 1731 3903 Λύδην,
1764 3832 1885 3914 ἔφη·

1013 3952 1188 4026 Λύδη,
1223 3962 1310 4015 καὶ
1335 3959 1491 4038 παχὺ
1521 3964 1758 4042 γράμμα
1787 3972 1873 4026 καὶ
1902 3974 1967 4028 οὐ
1994 3976 2234 4050 τυρόν-

691 4081 908 4140 Locum
945 4084 1123 4156 hunc,
1172 4087 1318 4147 adeo
1357 4090 1629 4169 conjiciat
1668 4094 1896 4175 aliquis,
1944 4122 1976 4160 a
2017 4104 2226 4165 Proclo
2270 4113 2473 4191 respici
2513 4116 2569 4175 in
2608 4120 2795 4179 verbis

690 4182 826 4233 ante
859 4176 1114 4258 prol-atis,
