3125 5009
1025 341 1468 391 AN'riMAcffl
1509 340 1708 391 vim.
2315 318 2412 387 43

319 493 510 557 cheas
539 494 872 559 doctorum
901 515 1007 560 ore
1038 515 1218 581 paene
1249 493 1316 557 in
1355 491 1755 579 proverbium
1797 490 1949 556 olim
1980 490 2237 555 abiisse.
2326 490 2417 554 At

320 597 386 660 id
418 596 481 661 in
512 597 889 684 fragmentis
919 618 1089 661 nunc
1117 617 1244 660 non
1275 597 1662 661 observatur.
1752 592 2032 672 Scilicet,
2054 613 2252 679 quam
2282 592 2421 656 cul-

321 708 478 783 pant
517 700 966 787 prolixitatem,
996 721 1074 763 ea
1117 721 1243 763 non
1291 706 1420 763 tam
1466 697 1533 760 in
1585 696 1791 761 verbis
1834 696 1976 774 fuit,
2006 694 2314 759 inutiliter
2355 703 2422 759 et

321 802 496 865 inani
542 824 781 890 pompa
822 801 1187 880 cumulatiS,
1232 822 1428 888 quam
1477 800 1543 864 in
1584 821 1787 863 rerum
1828 798 2112 885 ipsarum
2152 796 2420 875 ambitU,

323 926 514 990 quem
554 905 743 969 nimis
789 904 1163 991 spatiosum,
1193 903 1257 967 in
1301 902 1627 967 Thebaide
1666 899 1976 986 inprimiS,
2007 898 2130 963 sibi
2170 898 2423 962 videtur

321 1007 644 1072 sumsisse.
738 1005 878 1072 Hoc
910 1007 1159 1093 egregie
1190 1027 1306 1069 nos
1323 1004 1512 1069 docet
1537 1002 1885 1090 Gregorius
1908 1000 2421 1081 Nazianzenus,*

325 1110 434 1174 ubi
480 1110 601 1175 hac
651 1110 891 1176 ratione
939 1108 1313 1187 Homerum,
1349 1107 1415 1171 in
1460 1105 1899 1173 describendis
1945 1112 2009 1168 et
2052 1103 2423 1167 enarrandis

322 1214 532 1296 rebuS,
585 1235 756 1300 saepe
805 1210 1275 1292 minutissimis,
1330 1208 1608 1297 profecto
1661 1207 1817 1272 satis
1875 1207 2235 1284 verbosum,
2293 1228 2421 1291 proe

325 1325 540 1381 nostro
591 1325 781 1404 poeta
830 1315 1375 1401 breviloquentem
1418 1333 1559 1379 esse
1607 1310 1789 1376 dicit.
1888 1308 1991 1372 Ex
2041 1308 2141 1373 his
2187 1315 2423 1387 tamen,

324 1420 614 1487 universe
649 1419 860 1499 dione,
900 1417 1082 1483 nulla
1127 1436 1414 1503 unquam
1455 1412 1803 1478 auctoritas
1841 1411 2105 1476 accedet
2145 1410 2245 1489 iis,
2275 1434 2423 1497 quae

326 1524 408 1587 de
453 1532 743 1611 poemate
786 1522 980 1601 illius,
1026 1518 1290 1584 reditum
1327 1514 1649 1580 Diomedis
1688 1514 1769 1578 ab
1814 1512 2074 1578 interitu
2108 1509 2429 1599 Meleagri

326 1626 618 1705 ordiente,
668 1649 704 1691 e
757 1622 1034 1689 Scholiis
1083 1619 1453 1686 Horatianis
1499 1617 1694 1706 vulgo
1744 1620 2078 1693 narrant.†
2166 1614 2427 1701 Quippe

329 1729 449 1793 hoc
495 1750 742 1817 poema,
773 1737 845 1793 ut
885 1724 1172 1813 praedixi,
1213 1722 1599 1789 scholiorum
1646 1717 2017 1785 sarcinatori
2066 1716 2429 1802 relinquen-

329 1832 485 1897 dum
516 1839 690 1919 pute.

415 1936 453 2001 J
461 1958 560 1999 am
592 1935 742 2000 licet
761 1956 905 1998 vera
935 1932 1064 1996 sint
1093 1929 1324 2008 omnia,
1354 1949 1501 2015 quse
1549 1925 1617 1989 in
1660 1932 1850 2012 poeta
1879 1930 2095 1987 nostro
2125 1918 2431 1985 notarunt

338 2222 588 2303 σατράπῃ
624 2219 926 2295 βασιλέως,
974 2219 1037 2284 ὃς
1075 2217 1255 2274 πάλαι
1294 2212 1403 2293 μὲν
1439 2208 1667 2286 ἐβοήθει
1709 2208 2185 2285 Λακεδαιμονίοις,
2234 2212 2335 2263 νῦν
2376 2203 2433 2263 δὲ

333 2312 686 2393 προστίθεται
709 2312 770 2371 δι’
792 2308 1156 2385 Ἀλκιβιάδην
1175 2306 1518 2378 Ἀθηναίοις.
1596 2302 1670 2360 ‘O
1695 2307 1805 2378 γὰρ
1840 2297 2204 2374 Ἀλκιβιάδης
2235 2295 2432 2356 ἐπι-θυ-

334 2417 456 2487 μῶν
491 2404 780 2465 κατελθεῖν
810 2407 888 2471 εἰς
915 2407 1016 2474 τὴν
1043 2398 1304 2479 πατρίδα,
1336 2398 1434 2457 τὸν
1461 2398 1852 2476 Τισσαφέρνην
1878 2389 2227 2470 μετατίθησι.
2318 2387 2433 2446 Καὶ

335 2501 480 2568 ὅλως
505 2502 610 2570 τὴν
635 2498 843 2574 ὀγδόην
870 2493 1200 2556 Θουκυδίδου
1227 2492 1683 2567 κατατεινόμενος
1710 2488 1841 2563 ἐρεῖ,
1870 2488 1958 2545 καὶ
1979 2483 2309 2542 κατακλύσει
2336 2482 2435 2539 τὸν

338 2592 661 2672 ἄνθρωπον,
690 2590 790 2657 ἕως
818 2586 1011 2671 φθάσῃ
1040 2590 1128 2646 καὶ
1167 2572 1425 2656 Μίλητος
1451 2577 1924 2659 ἐκπολεμωθεῖσα,
1955 2578 2044 2634 καὶ
2071 2571 2437 2654 φυγαδευθεὶς

257 2734 276 2745 ,
336 2689 397 2748 τὸ
429 2686 677 2763 δεύτερον
701 2680 1084 2757 Ἀλκιβιάδης.

422 2780 454 2813 ⁴*
498 2777 606 2857 Ep.
637 2775 749 2834 III.
777 2774 850 2833 ad
883 2770 1156 2833 Nicobul.
1239 2770 1319 2830 Τό
1345 2769 1676 2835 λακωνίζειν
1702 2768 1767 2824 οὒ
1791 2764 1948 2823 τοῦτό
1975 2762 2128 2823 ἐστιν
2157 2758 2289 2835 ὅπερ
2310 2758 2437 2828 οἴει,

342 2877 549 2949 ὀλίγας
595 2867 892 2944 συλλαβὰς
935 2869 1190 2945 γράφειν,
1237 2867 1392 2921 ἀλλὰ
1440 2861 1562 2938 περὶ
1608 2862 1884 2916 πλείστων
1928 2855 2155 2927 ὀλίγας.
2241 2849 2439 2916 Οὕτως

343 2968 456 3042 ἐγὼ
493 2964 1010 3044 βραχυλογὼτατον
1049 2957 1316 3036 ’Όμηρον
1361 2957 1534 3028 λέγω,
1579 2954 1667 3010 καὶ
1707 2947 1886 3009 πολῦν
1927 2947 2026 3006 τὸν
2064 2944 2439 3022 ῗΑντίμαχον.

348 3065 476 3127 Πῶς
497 3078 512 3125 ;
559 3065 673 3124 τοῖς
699 3057 997 3134 πράγμασι
1028 3057 1224 3129 κρίνων
1247 3049 1309 3108 τό
1326 3057 1516 3127 μῆκος,
1548 3042 1680 3102 ἀλλ’
1698 3045 1762 3101 οὒ
1784 3049 1899 3106 τοῖς
1921 3038 2244 3118 γράμμασι.
2307 3034 2439 3091 Hoc

348 3151 596 3213 maxime
615 3148 745 3207 loco
772 3145 951 3204 utitur
971 3144 1230 3203 Pierson.
1255 3138 1308 3197 in
1343 3135 1657 3196 Herodian.
1687 3132 1901 3192 Philet.
1927 3151 1984 3210 p.
2006 3130 2146 3188 440.
2180 3126 2255 3186 ad
2279 3125 2441 3184 resti-

349 3244 626 3305 tuendum
659 3258 868 3299 nomen
905 3238 1254 3317 Ἀντίμαχος
1279 3250 1382 3311 pro
1413 3228 1800 3308 Καλλίμαχος
1826 3244 1919 3302 ap.
1957 3221 2193 3281 Lucian.
2224 3218 2441 3285 Quom.

354 3338 504 3397 Hist.
535 3332 819 3394 conscrib.
850 3334 925 3391 sit
948 3329 1015 3389 T.
1051 3328 1123 3387 11.
1156 3347 1212 3405 p.
1245 3325 1369 3394 65„
1399 3322 1506 3398 ubi,
1527 3321 1859 3400 junguntur
1890 3314 2225 3395 Παρθένιος,
2258 3309 2444 3391 Εὐφο-

352 3440 486 3512 ρίων
524 3432 558 3501 ἢ
600 3428 982 3505 Καλλίμαχος
1013 3421 1069 3480 in
1101 3420 1190 3490 iis,
1221 3416 1320 3496 qui
1349 3416 1545 3493 inepto
1573 3411 1702 3471 loco
1735 3409 1963 3489 copiam
1992 3404 2223 3467 dicendi
2251 3413 2446 3462 osten-

354 3534 502 3585 tant.
586 3520 994 3599 Conjecturam
1023 3513 1192 3573 miror
1215 3519 1512 3587 tantopere
1539 3502 1825 3585 placuisse
1849 3502 2181 3560 Burmanno
2208 3496 2341 3556 Sec.
2374 3494 2448 3553 ad

361 3618 620 3696 Propert.
651 3634 709 3693 p.
743 3614 884 3671 472.
971 3609 1051 3666 Ut
1079 3605 1307 3686 placeat
1344 3611 1561 3670 tamen,
1597 3607 1688 3657 sat
1716 3594 2012 3673 ingeniosa
2038 3600 2161 3659 estz
2206 3588 2307 3648 sed
2336 3585 2452 3645 vel·

358 3713 471 3773 lem
518 3705 752 3769 Luciani
797 3704 926 3763 loca
965 3701 1186 3779 aliquot
1235 3695 1551 3763 notassent,
1596 3689 1691 3750 ubi
1734 3686 2039 3747 acrioribus
2081 3679 2455 3761 scriptoribus

309 3788 322 3796 ’
362 3824 572 3865 nomen
621 3795 960 3877 antiquioris
1001 3793 1083 3853 sic
1128 3786 1508 3871 postponitur.
1610 3782 1830 3843 Saltem
1876 3798 1967 3850 ea,
2012 3776 2222 3855 quibus
2262 3781 2455 3833 muta-

361 3898 576 3960 tionem
621 3912 784 3954 suam
825 3890 1006 3950 Piers.
1045 3880 1436 3951 commendat,
1474 3895 1675 3957 parum
1716 3873 1930 3943 valent,
1965 3868 2199 3929 minime
2236 3866 2457 3925 dictum

365 3990 508 4053 illud
555 3983 898 4049 Callimachi
941 3980 1012 4041 de
1050 3996 1263 4055 magno
1300 3974 1442 4032 libro
1479 3986 1692 4047 magno
1724 3964 1901 4036 malo,
1939 3962 2108 4042 cujus
2143 3968 2295 4020 certe
2336 3955 2460 4035 ipse

367 4095 566 4147 auctor
595 4077 864 4147 Hecales,
890 4074 1049 4151 longi
1075 4067 1364 4139 carminis,
1395 4061 1643 4123 maxime
1668 4060 1965 4120 immemor
1992 4054 2121 4115 fuit.

451 4188 487 4250 1-
529 4176 606 4237 V.
639 4190 812 4251 supra
841 4189 900 4248 p.
929 4169 1026 4225 24.
1057 4166 1198 4225 Not.
1235 4171 1292 4230 †.
