3125 5009
802 349 1267 399 FRAGMENTA
1314 351 1660 401 memmae
1697 352 1928 403 sums.
2289 330 2425 399 109
2489 346 2506 361 ·

320 501 522 583 ραίης,
572 496 763 586 idque
804 500 988 565 metri
1032 522 1228 565 causa
1270 500 1545 589 optime:
1615 502 1720 568 alii
1777 510 1988 568 totum
2039 523 2290 567 versum
2337 499 2430 565 sic

317 600 728 666 constituunt
751 624 765 665 ε

576 769 695 847 Ὡς
725 770 838 838 εἴτε
870 769 1131 849 κλόνίος
1158 769 1486 859 τεθορυίης
1511 770 1923 841 σπονδυλίων
1953 772 2040 849 ἐξ.

584 871 781 957 Spina
815 871 991 937 labat
1021 894 1130 939 ceu
1159 873 1457 939 vertebris
1487 896 1626 939 cum
1659 874 1896 939 concita
1928 874 2128 939 motis.

330 1040 505 1105 Nihil
542 1052 752 1107 tamen
797 1042 860 1107 in
908 1041 1115 1109 verbis
1153 1050 1287 1107 tam
1333 1041 1622 1129 abruptis
1670 1064 1780 1129 pro
1826 1050 1998 1107 certo
2041 1041 2428 1129 ponendum.

320 1149 638 1231 Θουραίην
670 1144 862 1210 habet
895 1143 1176 1233 Hesych.
1208 1152 1273 1209 et
1297 1144 1581 1233 explicat
1611 1140 1928 1231 ἀνδρείαν,
1962 1146 2256 1232 ἰσχυράν.

1285 1508 1463 1573 LXI.

440 1710 655 1803 Κοίας
694 1710 770 1794 ἐκ
810 1713 1042 1830 χειρῶν
1084 1709 1242 1819 (εἷς)
1282 1709 1633 1794 σκόπελον
1670 1709 2304 1829 μεταριπτσίζουσι.

329 1943 613 2009 ΟΒιτΕιι
663 1944 833 2009 huno
876 1942 1097 2009 laudat
1142 1942 1357 2029 Etym.
1407 1940 1501 2008 M.
1533 1964 1592 2031 p.
1623 1944 1770 2007 770.
1806 1943 1844 2007 1.
1886 1942 1983 2007 10.
2011 1941 2093 2007 de
2126 1964 2260 2007 voc.
2301 1947 2439 2010 κοία

328 2044 467 2111 haec
498 2044 784 2110 habens:
848 2049 1140 2130 Σημαίνει
1180 2048 1295 2123 τὴν
1336 2054 1628 2131 σφαῖραν.
1721 2042 1799 2109 'H
1838 2052 2065 2130 χρῆσις
2092 2040 2264 2129 ‘ra-apa*
2292 2043 2441 2111 Ἀν-

327 2149 592 2235 τιμάχῳ·
643 2151 843 2223 Κοίας
870 2176 922 2215 κ.
956 2146 1018 2215 λ.
1112 2146 1201 2212 Et
1230 2145 1295 2211 in
1325 2146 1538 2211 animo
1566 2145 1728 2211 forte
1754 2145 1926 2209 hune
1953 2145 2164 2230 ipsum
2188 2164 2438 2209 versum

331 2247 559 2313 habuit
608 2247 891 2336 Hesyoh.
943 2247 1007 2313 in
1055 2247 1301 2336 glossa:
1360 2252 1581 2325 Κοίας·
1629 2252 1902 2335 σφαίρας
1950 2247 1989 2324 ἢ
2034 2244 2282 2325 λίθους,
2330 2247 2442 2313 ubi

331 2348 572 2413 similes
602 2347 868 2416 aliorum
888 2348 1463 2417 Grammaticorum
1488 2347 1949 2436 explicationes
1973 2346 2119 2412 vide
2145 2347 2208 2411 in
2231 2346 2441 2413 Notis.

332 2448 803 2539 Moschopulus
846 2455 1024 2520 κοίαν
1064 2450 1299 2538 accipit
1339 2450 1754 2540 στρογγύλον
1794 2447 2005 2529 λίθον,
2029 2448 2320 2538 apposite
2358 2450 2442 2513 ad

332 2548 531 2613 nostri
580 2570 789 2615 usum.
882 2548 1146 2637 Proprie
1195 2550 1578 2615 vocabulum
1624 2547 1823 2613 fuisse
1865 2546 2115 2613 videtur
2155 2545 2445 2625 circulus,

332 2658 471 2716 tum
519 2649 705 2737 lapis,
749 2650 826 2717 ob
848 2650 1090 2739 figura
1136 2651 1605 2717 rotunditatem.
1702 2653 1817 2727 Εἷς
1863 2648 2048 2715 uncis
2097 2648 2442 2729 inclusum,

330 2751 715 2840 explicando
744 2753 1093 2841 adjectum,
1124 2752 1707 2840 removendumque
1747 2760 1927 2838 puto,
1952 2759 2026 2816 ut
2064 2751 2236 2817 sanis
2265 2748 2448 2838 pedi-

332 2858 454 2923 bus
499 2857 865 2924 hexameter
910 2857 1224 2925 decurrat.
1312 2856 1480 2947 Ejus
1520 2854 1650 2922 vim
1687 2856 1827 2943 jam
1869 2853 2144 2921 sustinet
2184 2852 2334 2940 μετ-ἀ
2382 2853 2447 2920 in

334 2962 543 3027 verbo,

1288 3282 1499 3349 LXII.

610 3498 862 3583 Πολλοὶ
901 3496 963 3581 δὲ
1002 3500 1225 3609 μῆλα,
1270 3494 1503 3614 τοίπερ
1544 3491 1925 3605 οἷφνῆμονας
1964 3488 2222 3609 ἄνδρας.

345 3749 539 3813 IDEM
575 3767 637 3830 p.
676 3742 819 3807 178.
851 3740 895 3805 l.
936 3740 1031 3805 10.
1130 3736 1309 3823 Παρά
1355 3738 1427 3803 τὸ
1474 3735 1710 3821 ἄφενος
1753 3739 1988 3821 γίνεται
2036 3732 2262 3819 ὄφνος,
2304 3731 2456 3799 scara*

344 3849 697 3937 συγκοπὴν,
725 3840 774 3932 ᾦ
805 3846 1095 3929 κέχρηται
1130 3836 1471 3925 Πίνδαρος·
1526 3840 1604 3903 Οἱ
1639 3834 1694 3903 δ’
1718 3836 1896 3923 ὄφνει
1921 3831 2318 3901 πεποίθασιν.
2364 3840 2452 3911 (ν.

346 3952 483 4017 Cel.
527 3943 899 4013 Schneideri
944 3942 1194 4029 Fragm.
1239 3938 1431 4005 Pind.
1471 3962 1531 4026 p.
1565 3939 1702 4019 65.)
1787 3937 1900 4003 Ἐκ
1946 3938 2172 4003 τούτου
2220 3939 2456 4021 γίνεται

344 4053 530 4141 ῥῆμα,
560 4051 767 4137 α’ψυῶ,
801 4052 897 4114 καὶ
924 4044 991 4121 ἐξ
1021 4046 1233 4121 αὐτοῦ,
1263 4042 1592 4129 ἅψυῆμων.
1679 4040 2092 4125 Ἀντίμαχος”
2143 4034 2374 4103 [1ολλᾶ
2406 4066 2457 4104 κ.

348 4154 411 4219 λ.
507 4152 662 4217 Post
709 4151 900 4235 τάπερ
948 4145 1191 4213 excidit
1224 4144 1503 4223 verbum,
1550 4150 1713 4209 ποιεῖ
1754 4148 1867 4203 aut
1919 4137 2125 4201 simile
2173 4136 2458 4223 aliquod.
