3125 5009
833 359 1295 409 FRAGMENTA
1337 360 1684 409 metta'rAE
1719 363 1946 412 sams,
2321 346 2452 415 129

1308 708 1491 775 XCI.

346 909 666 974 HESYCH.
762 915 1043 999 Χηρῆἳον
1074 912 1269 981 οἶκον·
1320 912 1491 1001 παρα
1519 914 1904 1005 Ἀντιμάχῳ,
1934 918 2048 984 τὸν
2071 917 2366 986 ἄτακτον.

1298 1228 1518 1293 XCII.

960 1442 1336 1557 ’Μεμυζὸτε
1368 1442 1685 1555 μυδαλὲω
1731 1484 1830 1528 τε.

347 1678 707 1745 Eum-Aru.
739 1680 820 1745 ad
858 1679 987 1744 od.
1029 1710 1089 1747 v.
1124 1702 1187 1767 p.
1219 1680 1367 1745 523.
1404 1682 1445 1744 1.
1476 1681 1583 1747 46.
1677 1680 1830 1747 Bas,
1883 1684 2106 1761 Μῦζω·
2152 1686 2221 1763 ἐξ
2262 1690 2337 1755 οὖ
2385 1635 2458 1756 τὸ

342 1783 645 1868 μεμυζότε
670 1780 960 1868 μυδαλέα»
989 1811 1074 1862 τε,
1102 1782 1274 1871 vopei
1302 1781 1684 1871 Ἀντιμάχῳ.

1274 2116 1534 2182 XCIII.

353 2335 775 2401 Anonmus
816 2337 896 2399 de
934 2334 1125 2400 Hom.
1158 2337 1334 2422 poesi
1364 2336 1437 2400 T.
1469 2336 1553 2401 V.
1587 2360 1651 2426 p.
1691 2340 1832 2403 151.
1925 2337 2097 2425 opp.
2134 2337 2320 2403 Hom.
2361 2341 2463 2404 ed.

349 2437 505 2504 Em.
539 2437 829 2527 ’Όμηρον
867 2443 1086 2506 τοίνυν
1130 2436 1453 2526 Πίνδαρος
1491 2446 1606 2524 μὲν
1650 2442 1763 2528 ἔφη
1809 2445 1968 2510 Χῖόν
2009 2470 2071 2508 τε
2113 2448 2210 2508 καὶ
2257 2450 2468 2531 Σμυρ-

351 2550 531 2608 ναῖον
560 2539 868 2627 γενέσθαι,
901 2537 1255 2624 Σιμωνίδης
1286 2537 1349 2607 δὲ
1384 2550 1566 2619 Χῖον,
1596 2544 1987 2630 Ἀντίμαχος
2016 2540 2080 2609 δε
2112 2548 2211 2608 καὶ
2240 2547 2469 2610 Νίκαν-

352 2640 509 2731 δρος
552 2642 1191 2729 &mutuantem—De
1223 2643 1627 2729 Colophonio
1669 2644 2055 2710 Antimacho
2094 2643 2273 2731 loqui
2313 2664 2467 2708 aue-

352 2754 573 2823 torem,
614 2765 742 2807 non
782 2767 947 2808 vana
985 2745 1355 2831 conjectura
1400 2754 1515 2810 est.
1610 2745 1836 2810 Minus
1872 2746 2094 2833 liquet,
2140 2746 2221 2810 de
2261 2767 2469 2832 opere,

352 2834 464 2912 ubi
509 2847 675 2911 hanc
722 2845 1011 2911 notitiam
1058 2846 1322 2911 dederit.
1414 2847 1926 2913 Grammaticum
1981 2848 2139 2911 illud
2193 2847 2469 2925 credere,

354 2950 515 3016 nihil
554 2970 672 3014 nos
712 2948 905 3035 cogit.
996 2948 1164 3013 Nam
1205 2961 1270 3014 et
1300 2948 1664 3015 Simonides
1705 2951 1772 3014 in
1802 2952 2080 3015 carmine
2117 2949 2465 3015 Homerum

356 3053 595 3119 Chium
642 3053 1008 3140 prodiderat
1051 3062 1133 3132 (v.
1182 3051 1260 3116 C.
1311 3054 1449 3116 104.
1500 3053 1788 3118 Analect.
1839 3051 2127 3119 Brunck.
2171 3052 2243 3117 T.
2299 3051 2353 3131 Ι,
2399 3075 2462 3140 p.

318 3156 555 3236 ‘145.),
604 3177 720 3221 nec
783 3154 1047 3219 Pindari
1108 3155 1467 3240 prosaicum
1529 3156 1838 3242 scriptum
1897 3155 2036 3220 fuit.
2129 3152 2471 3229 Quomodo

358 3269 573 3325 autem
625 3258 733 3323 hie
777 3266 971 3345 poeta
1025 3256 1374 3321 Homerum
1422 3258 1613 3321 simul
1661 3257 1899 3322 Chium
1954 3267 2022 3322 at
2069 3254 2473 3344 Smyrnaeum

358 3361 636 3450 potuerit
678 3360 932 3437 habere,
973 3380 1100 3423 non
1140 3380 1463 3445 assequor.
1557 3359 1683 3424 Sed
1725 3361 1943 3447 procul
1992 3358 2214 3444 dubio,
2239 3359 2472 3425 mendo

304 3503 309 3510 ·
355 3464 607 3531 laborat
653 3461 935 3527 auctoris
979 3462 1181 3541 locuS,
1213 3460 1672 3539 emendandae,
1705 3462 1758 3525 si
1806 3462 1969 3526 tanti
2017 3470 2138 3540 est,
2171 3483 2206 3525 e
2241 3461 2474 3526 Gram-

359 3566 594 3632 matico
634 3565 804 3629 ined.
836 3585 937 3649 ap.
975 3563 1199 3627 Iriarte
1224 3562 1307 3625 V.
1342 3562 1479 3626 Cel.
1511 3555 1578 3626 in
1618 3562 1788 3626 Bibl.
1825 3562 2070 3627 Matrit.
2104 3561 2315 3627 Codd.
2355 3562 2474 3627 Gr.

360 3692 423 3757 p.
454 3670 600 3733 233.
635 3667 745 3731 ubi
779 3667 843 3729 in
874 3665 1066 3729 simili
1100 3665 1257 3729 Vita
1286 3665 1448 3744 haec,
1478 3666 1710 3752 partim
1756 3664 2056 3743 absurda,
2093 3664 2474 3728 traduntur-2

358 3770 770 3855 Ἀναξιμένης
818 3774 915 3835 καὶ
963 3769 1304 3852 Δαμάστης
1341 3773 1437 3833 καὶ
1483 3764 1808 3854 Πίνδαρος
1853 3776 2013 3832 Χῖον
2051 3768 2167 3833 τὸν
2185 3764 2479 3853 ’Όμηρον

358 3870 1328 3959 ἅποφαίνονται.-Ἀντίμαχος
1376 3865 1440 3935 δὲ
1490 3868 1939 3956 Κολοφώνιον·
1988 3865 2484 3954 Στησίμβροτος

362 3973 426 4042 δὲ
461 3981 846 4060 Σμυρναῖον·
894 3971 1274 4058 Φιλόχορος
1306 3968 1368 4037 δὲ
1396 3970 1712 4056 Ἀργεῖον·
1765 3968 2137 4045 Καλλικλῆς
2169 3965 2234 4035 δὲ
2269 3968 2484 4034 Σαλα-

362 4078 593 4157 μίνιον.
684 4071 1144 4159 Ἀριστόδημος
1178 4069 1239 4138 δὲ
1283 4076 1319 4138 ὁ
1364 4074 1695 4147 Νυσσαεὺς
1743 4068 2250 4149 (Grammaticus
2291 4067 2487 4132 Alex-

366 4177 549 4243 andr.
602 4175 905 4239 laudatus
960 4174 1259 4239 Eustath.
1312 4174 1394 4237 ad
1444 4171 1524 4234 ῙΙ.
1573 4200 1610 4237 ι.
1660 4173 1840 4249 453.)
1926 4169 2244 4254 Ῥωμαῖον
2291 4170 2488 4235 αὐτον

1414 4294 1456 4335 '1'
