3125 5009
708 322 843 390 108
1304 344 1749 394 AN‘rmAcffl
1803 340 2211 399 RELIQUIAE.

702 490 945 577 primus
974 489 1092 570 ita,
1126 498 1197 554 ut
1227 488 1397 573 dedi,
1428 491 1593 555 duos
1624 490 1926 557 distinxit
1958 488 2404 555 HemsterhuS.
2433 485 2516 551 ad
2551 484 2819 549 Plutum

706 614 769 677 p.
802 592 932 673 22„
977 591 1083 655 cui
1130 590 1199 654 in
1246 592 1369 655 hoc
1416 592 1604 657 facile
1650 592 1929 679 quisque
1980 580 2266 657 accedet.
2356 589 2597 653 Verum
2645 585 2822 672 quod

710 692 1073 779 subjungit,
1100 693 1362 757 tertium
1392 692 1553 759 forte
1585 716 1836 759 versum
1869 692 2265 786 suppeditari
2294 715 2333 758 a
2356 690 2567 756 Schol.
2596 686 2820 771 Eurip.

708 797 793 860 ad
825 793 935 859 Or.
970 817 1029 858 v.
1062 796 1210 859 392.
1269 798 1464 881 Πώρη
1493 824 1590 863 τοι
1621 790 1922 884 ἀλόχοισι
1951 789 2183 871 ἔαῖοἷς
2210 797 2514 861 τεκέεσσιν
2545 793 2828 867 ἕκαστος,

710 898 777 963 id
802 908 868 962 et
888 898 1027 984 ipse
1046 896 1415 962 dubitanter
1437 897 1693 985 profert,
1713 919 1926 984 neque
1957 896 2258 983 equidem
2283 901 2602 983 praestem.
2629 890 2829 954 Vide-

714 1008 817 1063 tur
838 998 1055 1086 potius
1081 997 1247 1063 idem
1279 1020 1498 1063 versus
1528 1020 1668 1063 esse
1697 1020 1846 1064 cum
1871 998 2074 1086 priore
2102 1020 2296 1084 supra
2323 995 2550 1083 posito.
2612 992 2830 1057 Verba

712 1100 872 1186 ipsa,
903 1099 1075 1163 unde
1115 1101 1189 1167 τὸ
1231 1098 1639 1187 ταλαίπωρος
1670 1100 2088 1165 Grammatici
2122 1099 2476 1177 deducunt,
2505 1106 2761 1184 πωρεῖν,
2789 1098 2828 1159 ὁ

715 1204 936 1288 πῶρος
984 1222 1037 1265 e.
1082 1204 1121 1279 ἡ
1169 1203 1349 1289 πώρη
1397 1210 1465 1267 et
1511 1205 1825 1288 πωρητΰς,
1855 1203 2088 1289 glossae
2130 1192 2318 1265 Eleis
2367 1198 2650 1287 propriae'
2685 1219 2831 1261 esse

716 1301 1153 1387 perhibentur,
1167 1312 1239 1366 ut
1261 1325 1362 1389 ap.
1384 1302 1690 1389 Sophocl.
1705 1303 1918 1370 Schol.
1937 1304 1983 1368 l.
2005 1305 2048 1367 l.
2097 1303 2188 1368 At
2209 1325 2354 1367 vero
2380 1324 2506 1367 non
2530 1300 2833 1366 omnibus

716 1403 825 1466 illa
857 1404 1244 1489 etymologia
1285 1405 1543 1491 placuit.
1594 1404 1672 1469 V.
1705 1404 2006 1470 Eustath.
2041 1405 2121 1469 ad
2170 1405 2246 1468 Il.
2276 1428 2338 1491 p.
2372 1405 2518 1469 699.
2553 1403 2596 1467 l.
2626 1402 2730 1466 23.
2763 1410 2832 1466 et

720 1503 846 1569 Od.
879 1527 940 1591 p.
979 1507 1161 1571 1559.
1192 1505 1355 1585 init„
1387 1506 1451 1569 in
1492 1529 1624 1595 quo
1663 1507 1989 1594 posteriori
2036 1508 2179 1573 loco
2217 1506 2620 1593 ταλαίπωρος
2663 1513 2832 1568 tam-

720 1629 915 1693 quam
938 1608 1353 1695 Tragicorum
1380 1609 1634 1695 propria
1663 1608 1866 1673 forma
1896 1632 2014 1697 pro
2033 1608 2378 1696 antiquiori
2403 1618 2468 1674 et
2487 1606 2835 1673 Homerica
2867 1618 2876 1627 “

719 1706 1124 1797 ταλαπείριος
1170 1720 1449 1775 notatur.
1496 1804 1499 1807 .
1539 1710 1649 1777 Sic
1698 1712 1827 1777 fere
1866 1712 2058 1777 etiam
2111 1712 2536 1802 Etymologus
2583 1734 2648 1797 p.
2681 1711 2832 1776 744.

721 1811 763 1875 l.
798 1812 902 1874 50.

1715 2134 1854 2198 LX.

907 2369 1049 2457 ‘ng
1090 2364 1224 2447 εἴτε
1268 2368 1518 2460 κλόνιός
1559 2406 1634 2450 τε
1675 2371 1937 2487 θουριής
1977 2369 2380 2471 σφονδυλίων
2423 2372 2501 2475 ἐξ
2529 2424 2642 2432 --

728 2616 1019 2679 POLLux
1054 2614 1390 2680 Onomast.
1431 2615 1521 2696 II,
1552 2616 1616 2681 4.
1656 2618 1795 2681 178.
1888 2620 2019 2695 Τὴν
2059 2618 2257 2707 ῥάχιν
2297 2621 2446 2687 ἔνιοι
2483 2624 2612 2689 τῶν
2656 2651 2838 2701 ποιη-

719 2723 847 2785 τῶν
902 2720 1241 2802 ὠνόμασαν
1299 2716 1542 2797 κλόνιν,
1592 2720 1802 2806 ὥσπερ
1851 2720 2261 2808 Ἀντίμαχος·
2324 2720 2445 2798 Ὡς
2493 2723 2606 2790 εἴτε
2660 2754 2713 2791 κ.
2766 2724 2833 2791 λ.

719 2819 885 2883 Tota
914 2819 1101 2905 spina
1139 2818 1311 2882 dorsi
1350 2819 1416 2882 in
1458 2819 1738 2901 homine,
1772 2829 1844 2885 ut
1885 2822 2251 2909 plurimum,
2283 2824 2510 2909 viginti
2556 2836 2836 2912 quatuor

722 2920 1051 3000 vertebriS,
1085 2918 1498 3000 σπονδύλοις,
1530 2919 1946 3007 σφονδυλίοις
1976 2922 2280 3007 (Wirbel)
2309 2935 2681 2992 constructa
2714 2938 2835 3007 est,

721 3022 891 3086 inter
920 3044 1083 3109 quas
1116 3031 1359 3107 septem
1384 3024 1650 3087 cervicis
1680 3034 1857 3106 sunt,
1881 3026 2216 3093 duodecim
2241 3028 2434 3110 dorsi,
2459 3036 2524 3093 et
2545 3029 2834 3118 quinque

720 3122 1108 3205 lumborum,
1140 3123 1262 3187 hoc
1294 3133 1410 3204 est,
1441 3125 1641 3211 partis
1670 3126 1876 3214 spinae
1908 3128 2236 3193 inferioriS.
2328 3129 2499 3195 Sunt
2521 3142 2733 3197 tamen
2765 3134 2833 3197 in

724 3226 847 3289 hac
899 3225 1087 3289 etiam
1142 3224 1464 3289 interdum
1515 3248 1630 3291 sex
1683 3230 2009 3309 vertebrae,
2064 3232 2234 3297 unde
2285 3233 2696 3321 σφονδυλίων
2742 3237 2830 3315 ἕξ.

724 3325 965 3391 Vocem
998 3325 1222 3403 κλόνις
1252 3336 1467 3391 autem
1496 3328 1926 3396 Antimachus
1964 3332 2027 3395 in
2067 3354 2253 3399 versu
2283 3335 2362 3400 de
2393 3336 2614 3402 lumbo
2653 3340 2836 3404 adhi-

725 3428 888 3507 buit,
907 3428 1040 3506 sed,
1060 3436 1135 3491 ut
1159 3428 1439 3509 videtur,
1459 3452 1588 3495 non
1612 3453 1732 3495 usu
1764 3454 2019 3519 prorsus
2043 3457 2206 3501 novo
2230 3436 2484 3525 ipsique
2509 3441 2830 3525 peculiari.

726 3530 896 3593 Nam
925 3529 1135 3595 Schol.
1168 3530 1465 3617 AEschyl.
1499 3530 1581 3594 ad
1632 3531 1843 3597 Prom.
1880 3537 2009 3601 496
2039 3547 2260 3604 notat:
2315 3542 2661 3620 Εὐκίνητος
2704 3544 2832 3633 γοῖρ

724 3631 886 3696 οὖσα
938 3638 1035 3697 καὶ
1078 3636 1394 3718 σπέρματα
1440 3634 1679 3721 ἔχουσα
1716 3638 1754 3711 ἡ
1802 3641 2046 3725 ’γαστὴρ
2095 3644 2304 3707 θύεται
2355 3646 2550 3722 θεοῖς,
2599 3643 2705 3731 ἀφ’
2756 3648 2831 3713 οὗ

725 3740 977 3817 (nempe
1008 3731 1135 3798 ἀπὸ
1165 3740 1277 3799 τοῦ
1308 3734 1589 3815 κλονεῖν)
1632 3744 1730 3803 καὶ
1771 3738 1992 3815 κλόνις
2021 3743 2392 3827 ὀνομάζεται
2437 3741 2539 3811 Bw?
2575 3747 2648 3812 τὸ
2679 3750 2834 3815 εὐκι-

726 3862 935 3911 νητον.
1024 3836 1240 3920 Atque
1272 3835 1412 3900 haec
1445 3839 1693 3903 notatio
1736 3840 1926 3904 simul
1959 3842 2118 3908 forte
2147 3845 2490 3909 illustrabit
2517 3848 2826 3915 rationem

722 3933 991 4019 epitheti
1022 3939 1310 4021 ἓουρίης,
1344 3939 1517 4024 quod
1549 3939 1761 4004 minus
1791 3942 1950 4008 scite
1975 3953 2236 4010 vertunt
2264 3946 2602 4031 impetuosi.
2696 3950 2829 4015 De-

722 4036 915 4099 bebat
954 4037 1181 4099 saltem
1210 4038 1453 4103 mobilis
1494 4041 1692 4105 reddi.
1785 4044 1874 4107 At
1911 4045 1991 4109 de
2039 4069 2160 4111 usu
2198 4049 2371 4113 verbi
2410 4054 2674 4137 θοΰριος
2709 4053 2832 4117 du-

721 4135 961 4203 bitasse
1008 4137 1300 4203 videntur
1349 4140 1563 4229 Intpp.
1597 4144 1677 4209 ad
1733 4145 2004 4228 Polluc.,
2034 4158 2100 4213 et
2146 4149 2368 4215 Kiihn.
2411 4153 2670 4241 corrigit
2714 4160 2830 4223 θο-
