<?xml version="1.0" encoding="UTF-8"?>
<!DOCTYPE html PUBLIC "-//W3C//DTD XHTML 1.0 Transitional//EN"
    "http://www.w3.org/TR/xhtml1/DTD/xhtml1-transitional.dtd">
<html xmlns="http://www.w3.org/1999/xhtml" xml:lang="en" lang="en">
 <head>
  <title>
</title>
<meta http-equiv="Content-Type" content="text/html;charset=utf-8" />
  <meta name='ocr-system' content='tesseract 3.04.00' />
  <meta name='ocr-capabilities' content='ocr_page ocr_carea ocr_par ocr_line ocrx_word'/>
</head>
<body>
  <div class='ocr_page' id='page_1' title='image "antimachicoloph00wolfgoog_0130.png"; bbox 0 0 3125 5009; ppageno 0'>
   <div class='ocr_carea' id='block_1_1' title="bbox 762 348 2504 437">
    <p class='ocr_par' dir='ltr' id='par_1_1' title="bbox 762 348 2504 437">
     <span class='ocr_line' id='line_1_1' title="bbox 762 348 2504 437; baseline 0.001 -4"><span class='ocrx_word' id='word_1_1' title='bbox 762 386 1235 434; x_wconf 75' lang='lat' dir='ltr'><strong>FRAGMENTA</strong></span> <span class='ocrx_word' id='word_1_2' title='bbox 1274 348 1620 436; x_wconf 62' lang='lat' dir='ltr'><strong>rNcnRTAE</strong></span> <span class='ocrx_word' id='word_1_3' title='bbox 1657 389 1882 437; x_wconf 65' lang='lat' dir='ltr'><strong>sums.</strong></span> <span class='ocrx_word' id='word_1_4' title='bbox 2247 368 2382 436; x_wconf 84' lang='lat'><strong>117</strong></span> <span class='ocrx_word' id='word_1_5' title='bbox 2501 360 2504 365; x_wconf 71' lang='grc'><strong>’</strong></span> 
     </span>
    </p>
   </div>
   <div class='ocr_carea' id='block_1_2' title="bbox 274 531 2396 2459">
    <p class='ocr_par' dir='ltr' id='par_1_2' title="bbox 274 531 2396 2459">
     <span class='ocr_line' id='line_1_2' title="bbox 278 531 2384 618; baseline 0.003 -25"><span class='ocrx_word' id='word_1_6' title='bbox 278 531 355 595; x_wconf 89' lang='grc' dir='ltr'><strong>ΙΙ.</strong></span> <span class='ocrx_word' id='word_1_7' title='bbox 389 562 452 617; x_wconf 86' lang='grc' dir='ltr'><strong>μ.</strong></span> <span class='ocrx_word' id='word_1_8' title='bbox 484 533 633 597; x_wconf 76' lang='lat'><strong>208.</strong></span> <span class='ocrx_word' id='word_1_9' title='bbox 732 533 829 597; x_wconf 88' lang='lat' dir='ltr'><strong>Ibi</strong></span> <span class='ocrx_word' id='word_1_10' title='bbox 875 534 1117 599; x_wconf 88' lang='lat' dir='ltr'><strong>absona</strong></span> <span class='ocrx_word' id='word_1_11' title='bbox 1158 536 1482 599; x_wconf 84' lang='lat' dir='ltr'><strong>finxerunt</strong></span> <span class='ocrx_word' id='word_1_12' title='bbox 1524 534 1963 613; x_wconf 86' lang='lat' dir='ltr'><strong>Grammatici,</strong></span> <span class='ocrx_word' id='word_1_13' title='bbox 1995 535 2384 618; x_wconf 35' lang='lat' dir='ltr'><strong>dum-petov-</strong></span> 
     </span>
     <span class='ocr_line' id='line_1_3' title="bbox 274 636 2385 725; baseline -0 -25"><span class='ocrx_word' id='word_1_14' title='bbox 274 639 418 720; x_wconf 75' lang='grc' dir='ltr'>ρίαν</span> <span class='ocrx_word' id='word_1_15' title='bbox 446 636 715 721; x_wconf 78' lang='lat' dir='ltr'><strong>figuram</strong></span> <span class='ocrx_word' id='word_1_16' title='bbox 737 637 888 701; x_wconf 89' lang='lat' dir='ltr'><strong>inde</strong></span> <span class='ocrx_word' id='word_1_17' title='bbox 912 637 1415 725; x_wconf 87' lang='lat' dir='ltr'><strong>exsculpserunt,</strong></span> <span class='ocrx_word' id='word_1_18' title='bbox 1430 638 1672 724; x_wconf 90' lang='lat' dir='ltr'><strong>quippe</strong></span> <span class='ocrx_word' id='word_1_19' title='bbox 1691 639 1839 724; x_wconf 85' lang='grc' dir='ltr'>ὄφιν</span> <span class='ocrx_word' id='word_1_20' title='bbox 1863 660 1978 724; x_wconf 90' lang='lat' dir='ltr'><strong>pro</strong></span> <span class='ocrx_word' id='word_1_21' title='bbox 2002 636 2385 723; x_wconf 87' lang='lat' dir='ltr'><strong>Pyrrhichio</strong></span> 
     </span>
     <span class='ocr_line' id='line_1_4' title="bbox 276 735 2385 825; baseline 0.001 -28"><span class='ocrx_word' id='word_1_22' title='bbox 276 735 609 815; x_wconf 81' lang='lat' dir='ltr'><strong>habeuteS,</strong></span> <span class='ocrx_word' id='word_1_23' title='bbox 642 738 811 803; x_wconf 86' lang='lat' dir='ltr'><strong>sicut</strong></span> <span class='ocrx_word' id='word_1_24' title='bbox 850 738 1007 803; x_wconf 85' lang='lat' dir='ltr'><strong>alios</strong></span> <span class='ocrx_word' id='word_1_25' title='bbox 1046 762 1268 805; x_wconf 86' lang='lat' dir='ltr'><strong>versus</strong></span> <span class='ocrx_word' id='word_1_26' title='bbox 1310 739 1612 803; x_wconf 88' lang='lat' dir='ltr'><strong>dixerunt</strong></span> <span class='ocrx_word' id='word_1_27' title='bbox 1639 738 2018 825; x_wconf 76' lang='grc' dir='ltr'>ἀκεφάλους,</span> <span class='ocrx_word' id='word_1_28' title='bbox 2050 738 2170 823; x_wconf 90' lang='lat' dir='ltr'><strong>ipsi</strong></span> <span class='ocrx_word' id='word_1_29' title='bbox 2215 758 2385 821; x_wconf 86' lang='lat' dir='ltr'><strong>saepe</strong></span> 
     </span>
     <span class='ocr_line' id='line_1_5' title="bbox 274 836 2384 927; baseline 0 -25"><span class='ocrx_word' id='word_1_30' title='bbox 274 836 593 922; x_wconf 76' lang='grc' dir='ltr'>ἀκέφαλοι.</span> <span class='ocrx_word' id='word_1_31' title='bbox 684 839 765 903; x_wconf 91' lang='lat' dir='ltr'><strong>V.</strong></span> <span class='ocrx_word' id='word_1_32' title='bbox 815 839 1119 905; x_wconf 86' lang='lat' dir='ltr'><strong>Eustath.</strong></span> <span class='ocrx_word' id='word_1_33' title='bbox 1169 864 1231 927; x_wconf 88' lang='lat' dir='ltr'><strong>p.</strong></span> <span class='ocrx_word' id='word_1_34' title='bbox 1280 842 1427 905; x_wconf 89' lang='lat'>900.</span> <span class='ocrx_word' id='word_1_35' title='bbox 1480 842 1551 903; x_wconf 61' lang='lat' dir='ltr'><strong>b-</strong></span> <span class='ocrx_word' id='word_1_36' title='bbox 1579 844 1640 904; x_wconf 91' lang='lat'><strong>7.</strong></span> <span class='ocrx_word' id='word_1_37' title='bbox 1693 840 1769 903; x_wconf 89' lang='lat' dir='ltr'><strong>R.</strong></span> <span class='ocrx_word' id='word_1_38' title='bbox 1817 851 1881 903; x_wconf 91' lang='lat' dir='ltr'><strong>et</strong></span> <span class='ocrx_word' id='word_1_39' title='bbox 1927 839 2180 903; x_wconf 80' lang='lat' dir='ltr'><strong>Ernesti</strong></span> <span class='ocrx_word' id='word_1_40' title='bbox 2228 838 2384 903; x_wconf 88' lang='lat' dir='ltr'><strong>Not.</strong></span> 
     </span>
     <span class='ocr_line' id='line_1_6' title="bbox 278 938 2385 1029; baseline 0.002 -29"><span class='ocrx_word' id='word_1_41' title='bbox 278 938 515 1002; x_wconf 87' lang='lat' dir='ltr'><strong>Verum</strong></span> <span class='ocrx_word' id='word_1_42' title='bbox 576 941 809 1027; x_wconf 89' lang='lat' dir='ltr'><strong>partim</strong></span> <span class='ocrx_word' id='word_1_43' title='bbox 871 942 1188 1022; x_wconf 90' lang='lat' dir='ltr'><strong>viderunt,</strong></span> <span class='ocrx_word' id='word_1_44' title='bbox 1244 943 1363 1029; x_wconf 89' lang='lat' dir='ltr'><strong>&#39;qui</strong></span> <span class='ocrx_word' id='word_1_45' title='bbox 1434 944 1631 1029; x_wconf 84' lang='grc' dir='ltr'>ὄπφιν</span> <span class='ocrx_word' id='word_1_46' title='bbox 1696 943 1969 1006; x_wconf 86' lang='lat' dir='ltr'><strong>scribere</strong></span> <span class='ocrx_word' id='word_1_47' title='bbox 2037 941 2385 1019; x_wconf 86' lang='lat' dir='ltr'><strong>malebant,</strong></span> 
     </span>
     <span class='ocr_line' id='line_1_7' title="bbox 278 1041 2388 1131; baseline 0.001 -25"><span class='ocrx_word' id='word_1_48' title='bbox 278 1044 635 1121; x_wconf 80' lang='grc' dir='ltr'><em>ὀκνοῦντες,</em></span> <span class='ocrx_word' id='word_1_49' title='bbox 663 1052 735 1105; x_wconf 83' lang='lat' dir='ltr'><strong>ut</strong></span> <span class='ocrx_word' id='word_1_50' title='bbox 772 1043 1072 1107; x_wconf 83' lang='lat' dir='ltr'><strong>Eustath.</strong></span> <span class='ocrx_word' id='word_1_51' title='bbox 1105 1044 1148 1107; x_wconf 86' lang='lat' dir='ltr'><strong>l.</strong></span> <span class='ocrx_word' id='word_1_52' title='bbox 1192 1067 1245 1109; x_wconf 90' lang='lat' dir='ltr'><strong>c.</strong></span> <span class='ocrx_word' id='word_1_53' title='bbox 1290 1044 1401 1124; x_wconf 82' lang='lat' dir='ltr'><strong>ait,</strong></span> <span class='ocrx_word' id='word_1_54' title='bbox 1434 1042 1733 1111; x_wconf 78' lang='grc' dir='ltr'>ὃιπλάσαι</span> <span class='ocrx_word' id='word_1_55' title='bbox 1773 1046 1846 1111; x_wconf 79' lang='grc' dir='ltr'><strong>τὸ</strong></span> <span class='ocrx_word' id='word_1_56' title='bbox 1886 1058 1954 1129; x_wconf 88' lang='grc' dir='ltr'><strong>φ,</strong></span> <span class='ocrx_word' id='word_1_57' title='bbox 2002 1041 2101 1110; x_wconf 69' lang='grc' dir='ltr'><strong>διὰ</strong></span> <span class='ocrx_word' id='word_1_58' title='bbox 2140 1047 2214 1111; x_wconf 81' lang='grc' dir='ltr'><strong>τὸ</strong></span> <span class='ocrx_word' id='word_1_59' title='bbox 2258 1047 2388 1131; x_wconf 80' lang='grc' dir='ltr'><strong>οὐχ</strong></span> 
     </span>
     <span class='ocr_line' id='line_1_8' title="bbox 280 1140 2389 1233; baseline 0.001 -25"><span class='ocrx_word' id='word_1_60' title='bbox 280 1140 665 1221; x_wconf 82' lang='grc' dir='ltr'>Ἑλληνικὸν</span> <span class='ocrx_word' id='word_1_61' title='bbox 705 1155 817 1221; x_wconf 84' lang='grc' dir='ltr'><strong>τῆς</strong></span> <span class='ocrx_word' id='word_1_62' title='bbox 860 1156 1128 1233; x_wconf 70' lang='grc' dir='ltr'>γραφῆς·</span> <span class='ocrx_word' id='word_1_63' title='bbox 1187 1146 1347 1232; x_wconf 72' lang='grc' dir='ltr'>ἀνὴρ</span> <span class='ocrx_word' id='word_1_64' title='bbox 1392 1148 1519 1232; x_wconf 78' lang='grc' dir='ltr'><strong>γὰρ</strong></span> <span class='ocrx_word' id='word_1_65' title='bbox 1559 1144 1817 1223; x_wconf 65' lang='grc' dir='ltr'>’Έλλην</span> <span class='ocrx_word' id='word_1_66' title='bbox 1859 1148 1936 1211; x_wconf 81' lang='grc' dir='ltr'><strong>οὐ</strong></span> <span class='ocrx_word' id='word_1_67' title='bbox 1980 1142 2266 1221; x_wconf 73' lang='grc' dir='ltr'>ὃιπλᾶζει</span> <span class='ocrx_word' id='word_1_68' title='bbox 2310 1144 2389 1211; x_wconf 71' lang='grc' dir='ltr'><strong>πῖ</strong></span> 
     </span>
     <span class='ocr_line' id='line_1_9' title="bbox 281 1242 2388 1333; baseline 0.001 -21"><span class='ocrx_word' id='word_1_69' title='bbox 281 1242 486 1312; x_wconf 76' lang='grc' dir='ltr'>δασέα.</span> <span class='ocrx_word' id='word_1_70' title='bbox 574 1246 780 1311; x_wconf 88' lang='lat' dir='ltr'><strong>Simul</strong></span> <span class='ocrx_word' id='word_1_71' title='bbox 835 1248 1019 1311; x_wconf 90' lang='lat' dir='ltr'><strong>Eust.</strong></span> <span class='ocrx_word' id='word_1_72' title='bbox 1080 1248 1387 1333; x_wconf 86' lang='lat' dir='ltr'><strong>exempla</strong></span> <span class='ocrx_word' id='word_1_73' title='bbox 1438 1247 1681 1312; x_wconf 85' lang='lat' dir='ltr'><strong>confert</strong></span> <span class='ocrx_word' id='word_1_74' title='bbox 1743 1248 1964 1333; x_wconf 87' lang='lat' dir='ltr'><strong>primae</strong></span> <span class='ocrx_word' id='word_1_75' title='bbox 2023 1248 2085 1310; x_wconf 92' lang='lat' dir='ltr'><strong>in</strong></span> <span class='ocrx_word' id='word_1_76' title='bbox 2145 1252 2388 1333; x_wconf 77' lang='grc' dir='ltr'>σκύφος</span> 
     </span>
     <span class='ocr_line' id='line_1_10' title="bbox 280 1348 2388 1438; baseline 0.001 -29"><span class='ocrx_word' id='word_1_77' title='bbox 280 1348 627 1432; x_wconf 82' lang='lat' dir='ltr'><strong>productae,</strong></span> <span class='ocrx_word' id='word_1_78' title='bbox 658 1350 945 1438; x_wconf 87' lang='lat' dir='ltr'><strong>expilans</strong></span> <span class='ocrx_word' id='word_1_79' title='bbox 975 1350 1213 1415; x_wconf 80' lang='lat' dir='ltr'><strong>Athen.</strong></span> <span class='ocrx_word' id='word_1_80' title='bbox 1244 1348 1364 1413; x_wconf 90' lang='lat' dir='ltr'><strong>XI.</strong></span> <span class='ocrx_word' id='word_1_81' title='bbox 1392 1372 1456 1435; x_wconf 88' lang='lat' dir='ltr'><strong>p.</strong></span> <span class='ocrx_word' id='word_1_82' title='bbox 1480 1349 1653 1428; x_wconf 69' lang='lat'>498„</span> <span class='ocrx_word' id='word_1_83' title='bbox 1681 1348 1789 1413; x_wconf 89' lang='lat' dir='ltr'><strong>ubi</strong></span> <span class='ocrx_word' id='word_1_84' title='bbox 1815 1351 1954 1414; x_wconf 87' lang='lat' dir='ltr'><strong>loca</strong></span> <span class='ocrx_word' id='word_1_85' title='bbox 1981 1348 2388 1435; x_wconf 81' lang='lat' dir='ltr'><strong>PanyasidiS,</strong></span> 
     </span>
     <span class='ocr_line' id='line_1_11' title="bbox 278 1449 2388 1537; baseline 0.002 -26"><span class='ocrx_word' id='word_1_86' title='bbox 278 1449 700 1515; x_wconf 84' lang='lat' dir='ltr'>Anacreontis</span> <span class='ocrx_word' id='word_1_87' title='bbox 759 1463 825 1516; x_wconf 90' lang='lat' dir='ltr'><strong>et</strong></span> <span class='ocrx_word' id='word_1_88' title='bbox 894 1452 1349 1537; x_wconf 86' lang='lat' dir='ltr'><strong>Melampodiae</strong></span> <span class='ocrx_word' id='word_1_89' title='bbox 1412 1450 1479 1513; x_wconf 90' lang='lat' dir='ltr'><strong>in</strong></span> <span class='ocrx_word' id='word_1_90' title='bbox 1538 1450 1706 1516; x_wconf 88' lang='lat' dir='ltr'><strong>hanc</strong></span> <span class='ocrx_word' id='word_1_91' title='bbox 1767 1474 1899 1515; x_wconf 89' lang='lat' dir='ltr'><strong>rem</strong></span> <span class='ocrx_word' id='word_1_92' title='bbox 1958 1451 2388 1515; x_wconf 88' lang='lat' dir='ltr'><strong>adducuntur.</strong></span> 
     </span>
     <span class='ocr_line' id='line_1_12' title="bbox 284 1550 2392 1640; baseline 0 -25"><span class='ocrx_word' id='word_1_93' title='bbox 284 1550 476 1625; x_wconf 90' lang='lat' dir='ltr'><strong>Quod</strong></span> <span class='ocrx_word' id='word_1_94' title='bbox 506 1552 559 1617; x_wconf 89' lang='lat' dir='ltr'><strong>si</strong></span> <span class='ocrx_word' id='word_1_95' title='bbox 603 1563 931 1619; x_wconf 83' lang='lat' dir='ltr'><strong>teneamus</strong></span> <span class='ocrx_word' id='word_1_96' title='bbox 972 1554 1040 1617; x_wconf 90' lang='lat' dir='ltr'><strong>in</strong></span> <span class='ocrx_word' id='word_1_97' title='bbox 1072 1554 1193 1634; x_wconf 86' lang='lat' dir='ltr'><strong>his,</strong></span> <span class='ocrx_word' id='word_1_98' title='bbox 1226 1577 1375 1640; x_wconf 85' lang='lat' dir='ltr'><strong>quae</strong></span> <span class='ocrx_word' id='word_1_99' title='bbox 1406 1553 1487 1617; x_wconf 89' lang='lat' dir='ltr'><strong>de</strong></span> <span class='ocrx_word' id='word_1_100' title='bbox 1526 1553 1895 1618; x_wconf 88' lang='lat' dir='ltr'><strong>diversitate</strong></span> <span class='ocrx_word' id='word_1_101' title='bbox 1926 1552 2392 1639; x_wconf 87' lang='lat' dir='ltr'><strong>pronunciandi</strong></span> 
     </span>
     <span class='ocr_line' id='line_1_13' title="bbox 282 1655 2385 1745; baseline 0.001 -29"><span class='ocrx_word' id='word_1_102' title='bbox 282 1663 431 1719; x_wconf 87' lang='lat' dir='ltr'><strong>ante</strong></span> <span class='ocrx_word' id='word_1_103' title='bbox 460 1655 615 1735; x_wconf 87' lang='lat' dir='ltr'><strong>dixi,</strong></span> <span class='ocrx_word' id='word_1_104' title='bbox 646 1665 784 1720; x_wconf 89' lang='lat' dir='ltr'><strong>tum</strong></span> <span class='ocrx_word' id='word_1_105' title='bbox 810 1657 877 1719; x_wconf 90' lang='lat' dir='ltr'><strong>in</strong></span> <span class='ocrx_word' id='word_1_106' title='bbox 912 1657 1102 1722; x_wconf 90' lang='lat' dir='ltr'><strong>Hom.</strong></span> <span class='ocrx_word' id='word_1_107' title='bbox 1129 1679 1291 1745; x_wconf 90' lang='lat' dir='ltr'><strong>opus</strong></span> <span class='ocrx_word' id='word_1_108' title='bbox 1316 1679 1441 1721; x_wconf 88' lang='lat' dir='ltr'><strong>non</strong></span> <span class='ocrx_word' id='word_1_109' title='bbox 1471 1656 1590 1720; x_wconf 89' lang='lat' dir='ltr'><strong>erit</strong></span> <span class='ocrx_word' id='word_1_110' title='bbox 1614 1656 1986 1741; x_wconf 87' lang='lat' dir='ltr'><strong>trajectione</strong></span> <span class='ocrx_word' id='word_1_111' title='bbox 2014 1656 2344 1720; x_wconf 88' lang='lat' dir='ltr'><strong>verborum</strong></span> <span class='ocrx_word' id='word_1_112' title='bbox 2370 1680 2385 1719; x_wconf 72' lang='grc' dir='ltr'><strong><em>ε</em></strong></span> 
     </span>
     <span class='ocr_line' id='line_1_14' title="bbox 282 1758 2393 1847; baseline -0 -25"><span class='ocrx_word' id='word_1_113' title='bbox 282 1760 459 1834; x_wconf 83' lang='grc' dir='ltr'>ὅπως</span> <span class='ocrx_word' id='word_1_114' title='bbox 489 1761 638 1846; x_wconf 84' lang='grc' dir='ltr'>ὄφιν</span> <span class='ocrx_word' id='word_1_115' title='bbox 667 1760 894 1827; x_wconf 73' lang='grc' dir='ltr'>αἰόλον</span> <span class='ocrx_word' id='word_1_116' title='bbox 924 1758 1114 1840; x_wconf 80' lang='grc' dir='ltr'>εἶδον,</span> <span class='ocrx_word' id='word_1_117' title='bbox 1157 1782 1272 1824; x_wconf 90' lang='lat' dir='ltr'><strong>nec</strong></span> <span class='ocrx_word' id='word_1_118' title='bbox 1305 1761 1518 1847; x_wconf 89' lang='lat' dir='ltr'><strong>pejore</strong></span> <span class='ocrx_word' id='word_1_119' title='bbox 1558 1760 1780 1845; x_wconf 83' lang='lat' dir='ltr'><strong>aliqua</strong></span> <span class='ocrx_word' id='word_1_120' title='bbox 1807 1760 2214 1837; x_wconf 87' lang='lat' dir='ltr'><strong>correctione,</strong></span> <span class='ocrx_word' id='word_1_121' title='bbox 2245 1781 2393 1844; x_wconf 84' lang='lat' dir='ltr'><strong>quae</strong></span> 
     </span>
     <span class='ocr_line' id='line_1_15' title="bbox 284 1858 2394 1947; baseline 0.001 -27"><span class='ocrx_word' id='word_1_122' title='bbox 284 1858 524 1921; x_wconf 90' lang='lat' dir='ltr'><strong>nodum</strong></span> <span class='ocrx_word' id='word_1_123' title='bbox 564 1870 758 1923; x_wconf 82' lang='lat' dir='ltr'><strong>secat.</strong></span> <span class='ocrx_word' id='word_1_124' title='bbox 852 1861 1152 1926; x_wconf 90' lang='lat' dir='ltr'><strong>Ceterum</strong></span> <span class='ocrx_word' id='word_1_125' title='bbox 1186 1862 1393 1940; x_wconf 88' lang='lat' dir='ltr'><strong>verba,</strong></span> <span class='ocrx_word' id='word_1_126' title='bbox 1424 1884 1571 1947; x_wconf 81' lang='lat' dir='ltr'><strong>quae</strong></span> <span class='ocrx_word' id='word_1_127' title='bbox 1614 1861 2032 1925; x_wconf 83' lang='lat' dir='ltr'><strong>tractavimus</strong></span> <span class='ocrx_word' id='word_1_128' title='bbox 2073 1880 2230 1945; x_wconf 90' lang='lat' dir='ltr'><strong>pace</strong></span> <span class='ocrx_word' id='word_1_129' title='bbox 2267 1860 2394 1923; x_wconf 91' lang='lat' dir='ltr'><strong>lec-</strong></span> 
     </span>
     <span class='ocr_line' id='line_1_16' title="bbox 282 1961 2390 2049; baseline 0 -26"><span class='ocrx_word' id='word_1_130' title='bbox 282 1969 489 2024; x_wconf 89' lang='lat' dir='ltr'><strong>torum</strong></span> <span class='ocrx_word' id='word_1_131' title='bbox 519 1963 849 2047; x_wconf 75' lang='lat' dir='ltr'><strong>prolixiuS,</strong></span> <span class='ocrx_word' id='word_1_132' title='bbox 874 1964 1089 2028; x_wconf 86' lang='lat' dir='ltr'><strong>sedem</strong></span> <span class='ocrx_word' id='word_1_133' title='bbox 1112 1964 1311 2029; x_wconf 85' lang='lat' dir='ltr'><strong>videri</strong></span> <span class='ocrx_word' id='word_1_134' title='bbox 1337 1973 1608 2049; x_wconf 89' lang='lat' dir='ltr'><strong>possunt</strong></span> <span class='ocrx_word' id='word_1_135' title='bbox 1637 1963 1938 2027; x_wconf 88' lang='lat' dir='ltr'><strong>habuisse</strong></span> <span class='ocrx_word' id='word_1_136' title='bbox 1970 1964 2037 2025; x_wconf 90' lang='lat' dir='ltr'><strong>in</strong></span> <span class='ocrx_word' id='word_1_137' title='bbox 2063 1961 2262 2049; x_wconf 89' lang='lat' dir='ltr'><strong>Lyde,</strong></span> <span class='ocrx_word' id='word_1_138' title='bbox 2285 1962 2390 2025; x_wconf 91' lang='lat' dir='ltr'><strong>ubi</strong></span> 
     </span>
     <span class='ocr_line' id='line_1_17' title="bbox 282 2063 2394 2150; baseline 0.001 -25"><span class='ocrx_word' id='word_1_139' title='bbox 282 2064 532 2127; x_wconf 83' lang='lat' dir='ltr'><strong>occasio</strong></span> <span class='ocrx_word' id='word_1_140' title='bbox 580 2078 713 2129; x_wconf 88' lang='lat' dir='ltr'><strong>erat</strong></span> <span class='ocrx_word' id='word_1_141' title='bbox 763 2067 842 2131; x_wconf 89' lang='lat' dir='ltr'><strong>de</strong></span> <span class='ocrx_word' id='word_1_142' title='bbox 890 2067 1239 2132; x_wconf 85' lang='lat' dir='ltr'><strong>infortunio</strong></span> <span class='ocrx_word' id='word_1_143' title='bbox 1283 2067 1457 2131; x_wconf 85' lang='lat' dir='ltr'><strong>Zetae</strong></span> <span class='ocrx_word' id='word_1_144' title='bbox 1502 2077 1568 2132; x_wconf 90' lang='lat' dir='ltr'><strong>et</strong></span> <span class='ocrx_word' id='word_1_145' title='bbox 1616 2066 1834 2131; x_wconf 81' lang='lat' dir='ltr'><strong>Calais</strong></span> <span class='ocrx_word' id='word_1_146' title='bbox 1881 2064 2160 2143; x_wconf 87' lang='lat' dir='ltr'><strong>dicendi,</strong></span> <span class='ocrx_word' id='word_1_147' title='bbox 2199 2063 2312 2150; x_wconf 89' lang='lat' dir='ltr'><strong>qui</strong></span> <span class='ocrx_word' id='word_1_148' title='bbox 2353 2086 2394 2127; x_wconf 88' lang='lat' dir='ltr'><strong>a</strong></span> 
     </span>
     <span class='ocr_line' id='line_1_18' title="bbox 274 2164 2396 2258; baseline 0.002 -32"><span class='ocrx_word' id='word_1_149' title='bbox 274 2164 473 2248; x_wconf 88' lang='lat' dir='ltr'><strong>justis</strong></span> <span class='ocrx_word' id='word_1_150' title='bbox 508 2165 704 2232; x_wconf 88' lang='lat' dir='ltr'><strong>Peliae</strong></span> <span class='ocrx_word' id='word_1_151' title='bbox 748 2168 1123 2233; x_wconf 85' lang='lat' dir='ltr'><strong>funebribus</strong></span> <span class='ocrx_word' id='word_1_152' title='bbox 1165 2169 1520 2258; x_wconf 76' lang='lat' dir='ltr'><strong>redeunteS,</strong></span> <span class='ocrx_word' id='word_1_153' title='bbox 1551 2170 1620 2233; x_wconf 89' lang='lat' dir='ltr'><strong>in</strong></span> <span class='ocrx_word' id='word_1_154' title='bbox 1655 2169 1828 2233; x_wconf 90' lang='lat' dir='ltr'><strong>Teno</strong></span> <span class='ocrx_word' id='word_1_155' title='bbox 1869 2169 2079 2232; x_wconf 89' lang='lat' dir='ltr'><strong>insula</strong></span> <span class='ocrx_word' id='word_1_156' title='bbox 2119 2168 2201 2231; x_wconf 88' lang='lat' dir='ltr'><strong>ab</strong></span> <span class='ocrx_word' id='word_1_157' title='bbox 2236 2167 2396 2231; x_wconf 90' lang='lat' dir='ltr'><strong>Her·</strong></span> 
     </span>
     <span class='ocr_line' id='line_1_19' title="bbox 287 2266 2396 2357; baseline 0.002 -29"><span class='ocrx_word' id='word_1_158' title='bbox 287 2266 431 2330; x_wconf 90' lang='lat' dir='ltr'><strong>cule</strong></span> <span class='ocrx_word' id='word_1_159' title='bbox 472 2269 667 2332; x_wconf 88' lang='lat' dir='ltr'><strong>occisi</strong></span> <span class='ocrx_word' id='word_1_160' title='bbox 710 2279 880 2334; x_wconf 88' lang='lat' dir='ltr'><strong>sunt.</strong></span> <span class='ocrx_word' id='word_1_161' title='bbox 973 2271 1052 2335; x_wconf 95' lang='lat' dir='ltr'><strong>V.</strong></span> <span class='ocrx_word' id='word_1_162' title='bbox 1096 2272 1392 2357; x_wconf 92' lang='lat' dir='ltr'><strong>Apollon.</strong></span> <span class='ocrx_word' id='word_1_163' title='bbox 1436 2271 1561 2335; x_wconf 88' lang='lat' dir='ltr'><strong>Rh.</strong></span> <span class='ocrx_word' id='word_1_164' title='bbox 1599 2271 1656 2351; x_wconf 94' lang='lat' dir='ltr'><strong>I,</strong></span> <span class='ocrx_word' id='word_1_165' title='bbox 1701 2271 1883 2335; x_wconf 86' lang='lat'><strong>1304.</strong></span> <span class='ocrx_word' id='word_1_166' title='bbox 1915 2280 1980 2334; x_wconf 92' lang='lat' dir='ltr'><strong>et</strong></span> <span class='ocrx_word' id='word_1_167' title='bbox 2019 2270 2396 2335; x_wconf 89' lang='lat' dir='ltr'><strong>Acusilaum</strong></span> 
     </span>
     <span class='ocr_line' id='line_1_20' title="bbox 288 2368 2030 2459; baseline 0.003 -28"><span class='ocrx_word' id='word_1_168' title='bbox 288 2390 389 2455; x_wconf 92' lang='lat' dir='ltr'><strong>ap.</strong></span> <span class='ocrx_word' id='word_1_169' title='bbox 422 2368 717 2456; x_wconf 90' lang='lat' dir='ltr'><strong>Apollod.</strong></span> <span class='ocrx_word' id='word_1_170' title='bbox 753 2371 884 2453; x_wconf 94' lang='lat' dir='ltr'><strong>IIl,</strong></span> <span class='ocrx_word' id='word_1_171' title='bbox 923 2373 1023 2436; x_wconf 91' lang='grc'><strong>15.</strong></span> <span class='ocrx_word' id='word_1_172' title='bbox 1054 2374 1114 2437; x_wconf 82' lang='grc'><strong>2.</strong></span> <span class='ocrx_word' id='word_1_173' title='bbox 1150 2372 1367 2459; x_wconf 90' lang='lat' dir='ltr'><strong>ibique</strong></span> <span class='ocrx_word' id='word_1_174' title='bbox 1401 2373 1501 2437; x_wconf 87' lang='grc' dir='ltr'><strong>ΙΙΙ.</strong></span> <span class='ocrx_word' id='word_1_175' title='bbox 1542 2374 1753 2459; x_wconf 91' lang='lat' dir='ltr'><strong>Heyn.</strong></span> <span class='ocrx_word' id='word_1_176' title='bbox 1785 2396 1846 2459; x_wconf 90' lang='lat' dir='ltr'><strong>p.</strong></span> <span class='ocrx_word' id='word_1_177' title='bbox 1881 2372 2030 2436; x_wconf 88' lang='grc'><strong>856.</strong></span> 
     </span>
    </p>
   </div>
   <div class='ocr_carea' id='block_1_3' title="bbox 1204 2790 1489 2855">
    <p class='ocr_par' dir='ltr' id='par_1_3' title="bbox 1204 2790 1489 2855">
     <span class='ocr_line' id='line_1_21' title="bbox 1204 2790 1489 2855; baseline 0.011 -3"><span class='ocrx_word' id='word_1_178' title='bbox 1204 2790 1489 2855; x_wconf 79' lang='lat' dir='ltr'><strong>LXXII.</strong></span> 
     </span>
    </p>
   </div>
   <div class='ocr_carea' id='block_1_4' title="bbox 294 3066 2404 3159">
    <p class='ocr_par' dir='ltr' id='par_1_4' title="bbox 294 3066 2404 3159">
     <span class='ocr_line' id='line_1_22' title="bbox 294 3066 2404 3159; baseline 0.001 -26"><span class='ocrx_word' id='word_1_179' title='bbox 294 3071 447 3133; x_wconf 82' lang='lat' dir='ltr'><strong>ETY</strong></span> <span class='ocrx_word' id='word_1_180' title='bbox 462 3091 533 3132; x_wconf 83' lang='lat' dir='ltr'><strong>M.</strong></span> <span class='ocrx_word' id='word_1_181' title='bbox 582 3070 675 3133; x_wconf 91' lang='grc' dir='ltr'><strong>Μ.</strong></span> <span class='ocrx_word' id='word_1_182' title='bbox 710 3092 772 3154; x_wconf 91' lang='lat' dir='ltr'><strong>p.</strong></span> <span class='ocrx_word' id='word_1_183' title='bbox 804 3069 949 3133; x_wconf 83' lang='grc'><strong>465.</strong></span> <span class='ocrx_word' id='word_1_184' title='bbox 992 3068 1031 3130; x_wconf 94' lang='lat' dir='ltr'><strong>l.</strong></span> <span class='ocrx_word' id='word_1_185' title='bbox 1072 3068 1167 3131; x_wconf 90' lang='lat' dir='ltr'><strong>lO.</strong></span> <span class='ocrx_word' id='word_1_186' title='bbox 1204 3090 1259 3131; x_wconf 77' lang='lat' dir='ltr'><strong>v·</strong></span> <span class='ocrx_word' id='word_1_187' title='bbox 1341 3066 1541 3143; x_wconf 73' lang='grc' dir='ltr'>Ἴδας·</span> <span class='ocrx_word' id='word_1_188' title='bbox 1594 3071 1686 3134; x_wconf 80' lang='grc' dir='ltr'><strong>Τὰ</strong></span> <span class='ocrx_word' id='word_1_189' title='bbox 1735 3071 1823 3145; x_wconf 77' lang='grc' dir='ltr'><strong>εἰς</strong></span> <span class='ocrx_word' id='word_1_190' title='bbox 1865 3066 1979 3146; x_wconf 68' lang='grc' dir='ltr'><strong>δας</strong></span> <span class='ocrx_word' id='word_1_191' title='bbox 2016 3067 2404 3159; x_wconf 69' lang='grc' dir='ltr'>δισύλλαβα,</span> 
     </span>
    </p>
   </div>
   <div class='ocr_carea' id='block_1_5' title="bbox 291 3168 2421 4276">
    <p class='ocr_par' dir='ltr' id='par_1_5' title="bbox 291 3168 2421 4276">
     <span class='ocr_line' id='line_1_23' title="bbox 291 3168 2407 3258; baseline -0.001 -19"><span class='ocrx_word' id='word_1_192' title='bbox 291 3179 339 3239; x_wconf 78' lang='grc' dir='ltr'><strong>εἰ</strong></span> <span class='ocrx_word' id='word_1_193' title='bbox 398 3179 513 3258; x_wconf 78' lang='grc' dir='ltr'><strong>μὲν</strong></span> <span class='ocrx_word' id='word_1_194' title='bbox 568 3168 1182 3258; x_wconf 75' lang='grc' dir='ltr'>περιττοσυλλᾶβως</span> <span class='ocrx_word' id='word_1_195' title='bbox 1250 3168 1575 3236; x_wconf 84' lang='grc' dir='ltr'>κλίνονται</span> <span class='ocrx_word' id='word_1_196' title='bbox 1637 3170 1722 3247; x_wconf 83' lang='lat' dir='ltr'><strong>(si</strong></span> <span class='ocrx_word' id='word_1_197' title='bbox 1785 3180 2080 3235; x_wconf 84' lang='lat' dir='ltr'><strong>crescunt</strong></span> <span class='ocrx_word' id='word_1_198' title='bbox 2148 3172 2407 3236; x_wconf 81' lang='lat' dir='ltr'><strong>casibus</strong></span> 
     </span>
     <span class='ocr_line' id='line_1_24' title="bbox 291 3270 2410 3361; baseline 0 -21"><span class='ocrx_word' id='word_1_199' title='bbox 291 3274 622 3361; x_wconf 86' lang='lat' dir='ltr'><strong>obliquis),</strong></span> <span class='ocrx_word' id='word_1_200' title='bbox 676 3271 1007 3361; x_wconf 73' lang='grc' dir='ltr'>διφθόγγῳ</span> <span class='ocrx_word' id='word_1_201' title='bbox 1060 3272 1509 3357; x_wconf 80' lang='grc' dir='ltr'>παραλήγεται,</span> <span class='ocrx_word' id='word_1_202' title='bbox 1550 3274 1693 3338; x_wconf 83' lang='grc' dir='ltr'>οἷον</span> <span class='ocrx_word' id='word_1_203' title='bbox 1743 3270 1994 3353; x_wconf 77' lang='grc' dir='ltr'>Φείδας,</span> <span class='ocrx_word' id='word_1_204' title='bbox 2047 3270 2410 3349; x_wconf 55' lang='lat' dir='ltr'><strong>‹hemam-09·</strong></span> 
     </span>
     <span class='ocr_line' id='line_1_25' title="bbox 296 3371 2410 3459; baseline -0.002 -16"><span class='ocrx_word' id='word_1_205' title='bbox 296 3374 858 3456; x_wconf 70' lang='grc' dir='ltr'>Οἴδας,0’ίὸαντος·</span> <span class='ocrx_word' id='word_1_206' title='bbox 879 3379 926 3440; x_wconf 79' lang='grc' dir='ltr'><strong>εἰ</strong></span> <span class='ocrx_word' id='word_1_207' title='bbox 946 3371 1010 3440; x_wconf 70' lang='grc' dir='ltr'><strong>δὲ</strong></span> <span class='ocrx_word' id='word_1_208' title='bbox 1030 3371 1519 3458; x_wconf 78' lang='grc' dir='ltr'>ἰσοσυλλᾶβως,</span> <span class='ocrx_word' id='word_1_209' title='bbox 1546 3375 1636 3439; x_wconf 83' lang='grc' dir='ltr'><strong>ἐνὶ</strong></span> <span class='ocrx_word' id='word_1_210' title='bbox 1661 3378 1988 3459; x_wconf 75' lang='grc' dir='ltr'>φωνήεντι,</span> <span class='ocrx_word' id='word_1_211' title='bbox 2009 3376 2150 3441; x_wconf 82' lang='grc' dir='ltr'>οἷον</span> <span class='ocrx_word' id='word_1_212' title='bbox 2176 3372 2410 3453; x_wconf 77' lang='grc' dir='ltr'>Λήδας,</span> 
     </span>
     <span class='ocr_line' id='line_1_26' title="bbox 300 3472 2412 3561; baseline -0.002 -16"><span class='ocrx_word' id='word_1_213' title='bbox 300 3475 533 3557; x_wconf 74' lang='grc' dir='ltr'>Λὴὃου·</span> <span class='ocrx_word' id='word_1_214' title='bbox 583 3486 647 3544; x_wconf 95' lang='grc' dir='ltr'><strong><em>Μ</em></strong></span> <span class='ocrx_word' id='word_1_215' title='bbox 655 3475 814 3555; x_wconf 75' lang='grc' dir='ltr'>ίὸας,</span> <span class='ocrx_word' id='word_1_216' title='bbox 847 3474 1077 3544; x_wconf 74' lang='grc' dir='ltr'>Μίδου·</span> <span class='ocrx_word' id='word_1_217' title='bbox 1123 3476 1197 3541; x_wconf 79' lang='grc' dir='ltr'><strong>τὸ</strong></span> <span class='ocrx_word' id='word_1_218' title='bbox 1221 3475 1347 3561; x_wconf 73' lang='grc' dir='ltr'><strong>’γὰρ</strong></span> <span class='ocrx_word' id='word_1_219' title='bbox 1375 3472 1473 3540; x_wconf 73' lang='grc' dir='ltr'><strong>διὰ</strong></span> <span class='ocrx_word' id='word_1_220' title='bbox 1497 3480 1610 3540; x_wconf 81' lang='grc' dir='ltr'><strong>τοῦ</strong></span> <span class='ocrx_word' id='word_1_221' title='bbox 1636 3503 1710 3541; x_wconf 79' lang='lat' dir='ltr'><strong>m·</strong></span> <span class='ocrx_word' id='word_1_222' title='bbox 1735 3474 2129 3560; x_wconf 83' lang='grc' dir='ltr'>κλινόμενον,</span> <span class='ocrx_word' id='word_1_223' title='bbox 2152 3474 2412 3554; x_wconf 77' lang='grc' dir='ltr'>Μείὸας,</span> 
     </span>
     <span class='ocr_line' id='line_1_27' title="bbox 303 3574 2413 3664; baseline -0.001 -17"><span class='ocrx_word' id='word_1_224' title='bbox 303 3579 678 3659; x_wconf 75' lang='grc' dir='ltr'>Μείὸαντος,</span> <span class='ocrx_word' id='word_1_225' title='bbox 705 3578 805 3646; x_wconf 74' lang='grc' dir='ltr'><strong>διὰ</strong></span> <span class='ocrx_word' id='word_1_226' title='bbox 838 3576 1213 3664; x_wconf 77' lang='grc' dir='ltr'>ὃιφθόγγου.</span> <span class='ocrx_word' id='word_1_227' title='bbox 1280 3577 1502 3652; x_wconf 74' lang='grc' dir='ltr'>Οὕτως</span> <span class='ocrx_word' id='word_1_228' title='bbox 1533 3576 1652 3643; x_wconf 83' lang='grc' dir='ltr'><strong>οὖν</strong></span> <span class='ocrx_word' id='word_1_229' title='bbox 1682 3582 1779 3643; x_wconf 83' lang='grc' dir='ltr'>καὶ</span> <span class='ocrx_word' id='word_1_230' title='bbox 1800 3574 1999 3656; x_wconf 76' lang='grc' dir='ltr'>Ἴδας,</span> <span class='ocrx_word' id='word_1_231' title='bbox 2019 3575 2218 3645; x_wconf 73' lang='grc' dir='ltr'>Ἴδαν·</span> <span class='ocrx_word' id='word_1_232' title='bbox 2265 3576 2413 3645; x_wconf 83' lang='grc' dir='ltr'>ὅθεν</span> 
     </span>
     <span class='ocr_line' id='line_1_28' title="bbox 299 3674 2411 3769; baseline -0.003 -19"><span class='ocrx_word' id='word_1_233' title='bbox 299 3689 396 3750; x_wconf 83' lang='grc' dir='ltr'>καὶ</span> <span class='ocrx_word' id='word_1_234' title='bbox 449 3683 840 3769; x_wconf 83' lang='grc' dir='ltr'>Ἀντίμαχος</span> <span class='ocrx_word' id='word_1_235' title='bbox 890 3682 1158 3767; x_wconf 79' lang='grc' dir='ltr'>ἥμαρτεν</span> <span class='ocrx_word' id='word_1_236' title='bbox 1204 3681 1397 3745; x_wconf 81' lang='grc' dir='ltr'>εἰπὼν</span> <span class='ocrx_word' id='word_1_237' title='bbox 1444 3674 1543 3745; x_wconf 76' lang='grc' dir='ltr'><strong>διὰ</strong></span> <span class='ocrx_word' id='word_1_238' title='bbox 1596 3684 1711 3743; x_wconf 80' lang='grc' dir='ltr'><strong>τοῦ</strong></span> <span class='ocrx_word' id='word_1_239' title='bbox 1767 3699 1805 3743; x_wconf 87' lang='grc' dir='ltr'><strong>ι·</strong></span> <span class='ocrx_word' id='word_1_240' title='bbox 1850 3675 2146 3755; x_wconf 77' lang='grc' dir='ltr'>’Ίὸαντος</span> <span class='ocrx_word' id='word_1_241' title='bbox 2197 3684 2411 3766; x_wconf 75' lang='grc' dir='ltr'>κούρη.</span> 
     </span>
     <span class='ocr_line' id='line_1_29' title="bbox 302 3778 2414 3871; baseline -0.001 -23"><span class='ocrx_word' id='word_1_242' title='bbox 302 3784 407 3849; x_wconf 86' lang='lat' dir='ltr'><strong>Ad</strong></span> <span class='ocrx_word' id='word_1_243' title='bbox 437 3784 917 3871; x_wconf 84' lang='lat' dir='ltr'><strong>grammaticam</strong></span> <span class='ocrx_word' id='word_1_244' title='bbox 953 3780 1465 3846; x_wconf 85' lang='lat' dir='ltr'><strong>observationem</strong></span> <span class='ocrx_word' id='word_1_245' title='bbox 1509 3778 1593 3843; x_wconf 79' lang='lat' dir='ltr'><strong>cf.</strong></span> <span class='ocrx_word' id='word_1_246' title='bbox 1629 3778 1930 3844; x_wconf 87' lang='lat' dir='ltr'><strong>Eustath.</strong></span> <span class='ocrx_word' id='word_1_247' title='bbox 1962 3781 2043 3845; x_wconf 89' lang='lat' dir='ltr'><strong>ad</strong></span> <span class='ocrx_word' id='word_1_248' title='bbox 2078 3782 2314 3868; x_wconf 89' lang='lat' dir='ltr'><strong>Odyss.</strong></span> <span class='ocrx_word' id='word_1_249' title='bbox 2347 3807 2414 3869; x_wconf 89' lang='lat' dir='ltr'><strong>p.</strong></span> 
     </span>
     <span class='ocr_line' id='line_1_30' title="bbox 312 3881 2417 3972; baseline -0.002 -20"><span class='ocrx_word' id='word_1_250' title='bbox 312 3887 498 3952; x_wconf 89' lang='lat'><strong>1390.</strong></span> <span class='ocrx_word' id='word_1_251' title='bbox 589 3886 810 3950; x_wconf 87' lang='lat' dir='ltr'><strong>Potior</strong></span> <span class='ocrx_word' id='word_1_252' title='bbox 853 3883 1126 3972; x_wconf 82' lang='lat' dir='ltr'><strong>quaestio</strong></span> <span class='ocrx_word' id='word_1_253' title='bbox 1169 3892 1269 3946; x_wconf 86' lang='lat' dir='ltr'><strong>est</strong></span> <span class='ocrx_word' id='word_1_254' title='bbox 1310 3882 1389 3946; x_wconf 91' lang='lat' dir='ltr'><strong>de</strong></span> <span class='ocrx_word' id='word_1_255' title='bbox 1432 3881 1574 3959; x_wconf 87' lang='lat' dir='ltr'><strong>Ida,</strong></span> <span class='ocrx_word' id='word_1_256' title='bbox 1601 3905 1794 3969; x_wconf 88' lang='lat' dir='ltr'><strong>quem</strong></span> <span class='ocrx_word' id='word_1_257' title='bbox 1827 3881 1932 3947; x_wconf 89' lang='lat' dir='ltr'><strong>hic</strong></span> <span class='ocrx_word' id='word_1_258' title='bbox 1974 3892 2040 3947; x_wconf 95' lang='lat' dir='ltr'><strong>et</strong></span> <span class='ocrx_word' id='word_1_259' title='bbox 2080 3884 2279 3948; x_wconf 86' lang='lat' dir='ltr'><strong>altero</strong></span> <span class='ocrx_word' id='word_1_260' title='bbox 2312 3884 2417 3949; x_wconf 90' lang='lat' dir='ltr'><strong>Fr.</strong></span> 
     </span>
     <span class='ocr_line' id='line_1_31' title="bbox 310 3982 2420 4070; baseline -0 -20"><span class='ocrx_word' id='word_1_261' title='bbox 310 3986 455 4050; x_wconf 86' lang='lat' dir='ltr'><strong>LII.</strong></span> <span class='ocrx_word' id='word_1_262' title='bbox 497 3986 564 4051; x_wconf 92' lang='lat' dir='ltr'><strong>in</strong></span> <span class='ocrx_word' id='word_1_263' title='bbox 606 3987 885 4051; x_wconf 85' lang='lat' dir='ltr'><strong>carmine</strong></span> <span class='ocrx_word' id='word_1_264' title='bbox 932 3984 1303 4049; x_wconf 87' lang='lat' dir='ltr'><strong>memoravit</strong></span> <span class='ocrx_word' id='word_1_265' title='bbox 1347 3982 1797 4048; x_wconf 85' lang='lat' dir='ltr'><strong>Antimachus.</strong></span> <span class='ocrx_word' id='word_1_266' title='bbox 1889 3982 2035 4046; x_wconf 86' lang='lat' dir='ltr'><strong>Jam</strong></span> <span class='ocrx_word' id='word_1_267' title='bbox 2077 3993 2420 4070; x_wconf 88' lang='lat' dir='ltr'><strong>utrumque</strong></span> 
     </span>
     <span class='ocr_line' id='line_1_32' title="bbox 304 4083 2421 4176; baseline -0.001 -23"><span class='ocrx_word' id='word_1_268' title='bbox 304 4089 518 4155; x_wconf 91' lang='lat' dir='ltr'><strong>locum</strong></span> <span class='ocrx_word' id='word_1_269' title='bbox 548 4087 964 4176; x_wconf 84' lang='lat' dir='ltr'><strong>comparanti,</strong></span> <span class='ocrx_word' id='word_1_270' title='bbox 994 4086 1249 4172; x_wconf 85' lang='lat' dir='ltr'><strong>aliaque</strong></span> <span class='ocrx_word' id='word_1_271' title='bbox 1293 4083 1615 4171; x_wconf 84' lang='lat' dir='ltr'><strong>reputanti</strong></span> <span class='ocrx_word' id='word_1_272' title='bbox 1648 4106 1794 4148; x_wconf 88' lang='lat' dir='ltr'><strong>vero</strong></span> <span class='ocrx_word' id='word_1_273' title='bbox 1825 4085 2215 4148; x_wconf 86' lang='lat' dir='ltr'><strong>simillimum</strong></span> <span class='ocrx_word' id='word_1_274' title='bbox 2249 4087 2421 4151; x_wconf 87' lang='lat' dir='ltr'><strong>vide-</strong></span> 
     </span>
     <span class='ocr_line' id='line_1_33' title="bbox 304 4184 2417 4276; baseline -0.002 -20"><span class='ocrx_word' id='word_1_275' title='bbox 304 4192 499 4271; x_wconf 89' lang='lat' dir='ltr'><strong>bitur,</strong></span> <span class='ocrx_word' id='word_1_276' title='bbox 548 4189 731 4256; x_wconf 87' lang='lat' dir='ltr'><strong>Idam</strong></span> <span class='ocrx_word' id='word_1_277' title='bbox 762 4214 800 4254; x_wconf 88' lang='lat' dir='ltr'><strong>a</strong></span> <span class='ocrx_word' id='word_1_278' title='bbox 830 4198 1017 4276; x_wconf 86' lang='lat' dir='ltr'><strong>poeta</strong></span> <span class='ocrx_word' id='word_1_279' title='bbox 1053 4187 1298 4252; x_wconf 90' lang='lat' dir='ltr'><strong>dictum</strong></span> <span class='ocrx_word' id='word_1_280' title='bbox 1342 4208 1465 4251; x_wconf 91' lang='lat' dir='ltr'><strong>non</strong></span> <span class='ocrx_word' id='word_1_281' title='bbox 1506 4184 1828 4270; x_wconf 75' lang='lat' dir='ltr'><strong>diversum</strong></span> <span class='ocrx_word' id='word_1_282' title='bbox 1871 4208 2012 4251; x_wconf 82' lang='lat' dir='ltr'><strong>esse</strong></span> <span class='ocrx_word' id='word_1_283' title='bbox 2054 4187 2136 4250; x_wconf 89' lang='lat' dir='ltr'><strong>ab</strong></span> <span class='ocrx_word' id='word_1_284' title='bbox 2179 4210 2274 4265; x_wconf 89' lang='lat' dir='ltr'><strong>e0,</strong></span> <span class='ocrx_word' id='word_1_285' title='bbox 2304 4190 2417 4275; x_wconf 89' lang='lat' dir='ltr'><strong>qui</strong></span> 
     </span>
    </p>
   </div>
  </div>
 </body>
</html>
