3125 5009
1025 334 1474 385 AN'rnuAcm
1510 331 1716 382 VITA.
2322 311 2411 378 21

323 504 576 571 prorsus
604 482 950 550 obscurum
978 484 1300 549 hominem
1329 482 1635 571 proditfl'·
1700 480 1888 547 AEtas
1912 479 2085 545 illius
2108 480 2175 544 in
2194 478 2423 567 Olym-

321 586 588 673 piadum
617 586 874 650 initium
902 585 1152 668 indicit,
1177 585 1399 651 eodem
1430 593 1615 665 teste,
1646 606 1684 649 a
1723 606 1856 671 quo
1895 581 2082 647 simul
2122 582 2422 655 ἐποποιὸς

321 698 602 753 vocatur.
693 690 998 753 Attamen
1035 688 1340 756 memoria
1379 686 1759 775 antiquioris
1806 685 1915 772 huj
1930 706 2002 749 us
2049 681 2421 747 Antimachi

318 790 411 856 ita
438 799 536 856 est
563 790 944 871 oblitterata,
973 788 1067 869 ut,
1096 790 1209 855 ubi
1237 791 1318 855 de
1337 789 1527 856 claris
1551 788 1747 877 epicae
1766 809 2025 875 poeseos
2055 784 2423 851 auctoribus

321 884 558 981 agitur,
589 895 930 981 vestigium
953 896 1006 982 ej
1017 916 1092 959 us
1123 893 1358 958 frustra
1386 891 1773 981 quaesiveris,
1863 891 2081 977 Atque
2098 887 2279 966 ade0,
2311 886 2420 952 ubi

323 999 522 1063 nostri
571 998 851 1063 carmina
897 996 1325 1086 proferuntur,
1379 993 1729 1081 saepissime
1780 990 2154 1077 simpliciter
2209 988 2425 1075 desig-

323 1111 562 1165 nantur
587 1100 950 1164 Antimachi
982 1109 1184 1186 poetae
1202 1097 1526 1175 nomine.†
1611 1094 1967 1181 Tantopere
1986 1091 2098 1178 huj
2109 1112 2206 1171 us,
2229 1110 2422 1177 quem

324 1204 616 1292 proximo
635 1204 774 1268 loco
793 1202 1158 1282 memoravi,
1177 1201 1343 1267 sicut
1367 1200 1755 1287 reliquorum
1778 1193 2027 1274 lumini,
2044 1191 2425 1279 magnitudo

324 1315 388 1371 et
421 1306 760 1371 celebritas
789 1306 986 1371 nostri
1013 1304 1252 1370 offecit.
1345 1302 1566 1367 Unum
1607 1300 1849 1365 interea
1876 1295 2260 1361 versiculum
2287 1293 2422 1358 Teii

321 1405 496 1469 illius
537 1404 837 1469 Clemens
876 1403 1354 1468 Alexandrinus
1390 1398 1675 1483 attulit-,ss
1722 1396 1919 1486 quod,
1952 1416 2099 1459 cum
2124 1394 2263 1480 jam
2302 1392 2427 1457 Fa-

328 1507 564 1572 bricius
611 1517 676 1573 et
712 1515 859 1593 post
897 1528 1044 1570 eum
1078 1504 1187 1569 alii
1227 1502 1610 1580 monuerint,
1640 1500 1869 1563 mirum
1898 1504 1998 1563 est
2026 1496 2219 1560 etiam
2249 1514 2422 1559 nunc

327 1633 486 1690 esse,
518 1610 632 1698 qui
663 1609 838 1675 hunc
867 1630 1017 1674 cum
1046 1616 1264 1673 nostro
1293 1605 1615 1670 interdum
1641 1598 2059 1667 confundant.

417 1712 546 1781 Sed
584 1723 840 1802 tempus
888 1720 988 1777 est
1021 1711 1101 1776 ad
1147 1708 1621 1798 Colophonium
1664 1714 1916 1791 poetam
1959 1698 2205 1777 reverti,
2236 1698 2425 1785 cujus

329 1814 567 1903 ingenii
597 1824 1010 1881 monumenta
1041 1833 1484 1879 enumeremus
1529 1808 1805 1899 singula,
1848 1826 1996 1893 quae
2036 1802 2117 1866 ab
2148 1800 2429 1888 antiqui-

329 1929 462 1985 tate
493 1916 551 1983 ei
578 1918 969 1998 tribuuntur,
998 1927 1060 1982 et
1093 1915 1264 1981 unde
1289 1936 1404 1979 nos
1433 1910 1740 1999 reliquias
1767 1908 2067 1993 colligere
2091 1903 2429 1970 constitui-

333 2045 500 2087 mus.
593 2020 770 2086 Inter
808 2029 1019 2086 cetera
1060 2020 1201 2106 ejus
1237 2016 1422 2081 facile
1472 2013 1711 2101 primas
1758 2016 2104 2075 tenuerunt
2161 2004 2427 2070 Thebais

330 2136 522 2213 atque
566 2123 767 2211 Lyde.
861 2122 1030 2186 Illud
1070 2122 1212 2208 jam
1249 2116 1582 2204 inscriptio
1620 2113 1853 2200 arguit,
1884 2110 2141 2198 epicum
2182 2128 2431 2195 poema,

330 2228 622 2293 Thebani
649 2226 802 2292 belli
834 2248 932 2290 res
968 2234 1032 2289 et
1069 2224 1308 2288 ducum
1349 2220 1413 2283 in
1454 2241 1530 2283 eo
1565 2218 1701 2282 fata
1739 2214 2185 2301 complexum3
2252 2209 2427 2297 quod

330 2370 2431 2401 Μ

415 2488 444 2518 ”
493 2480 612 2541 Vit.
645 2478 881 2539 Romul.
915 2497 972 2556 p.
1001 2478 1101 2536 24.
1137 2476 1209 2533 A.
1231 2474 1540 2550 Perperam
1565 2466 1805 2528 Latinus
1829 2466 2105 2544 interpres
2134 2460 2432 2523 Plutarchi

337 2576 595 2638 ἐποποιὸν
625 2576 875 2653 lyricum
903 2570 1089 2630 vertit.

422 2690 459 2752 †
501 2678 578 2739 V.
610 2680 902 2755 Fragmm.
932 2676 1011 2734 II.
1041 2672 1145 2732 111.
1177 2670 1282 2729 IV.
1313 2677 1372 2728 et
1402 2667 1515 2727 alia
1550 2662 1829 2744 plurima;
1875 2680 2122 2741 quorum
2159 2659 2440 2739 inspectio

341 2770 740 2832 auctoritatem
770 2767 1090 2849 praestabit,
1119 2763 1276 2845 quod
1306 2750 1366 2820 in
1395 2758 1540 2820 locis
1568 2756 1759 2815 minus
1784 2754 1953 2815 certis
1980 2773 2071 2826 ea,
2102 2773 2235 2830 quse
2273 2752 2439 2811 Anti-

341 2864 535 2927 machi
561 2862 685 2925 solo
712 2862 944 2923 nomine
971 2860 1046 2922 ab
1073 2856 1326 2936 antiquis
1351 2852 1685 2923 afferuntur,
1716 2848 1791 2909 ad
1825 2845 2253 2926 Colophonium
2293 2845 2440 2905 refe-

344 2961 522 3021 renda
548 2956 711 3017 duxi.

425 3074 452 3139 Ι
491 3066 769 3127 Stromat.
798 3061 905 3121 VI.
935 3081 994 3140 p.
1025 3060 1166 3119 622.
1199 3057 1273 3116 C.

625 3194 723 3255 Ἐκ
749 3198 861 3271 γὰρ
888 3191 1074 3269 δώρων
1101 3190 1291 3248 πολλὰ
1318 3182 1434 3244 κάκ’
1463 3178 1811 3259 ἀνθρώποισι
1836 3178 2121 3235 πέλονται.

351 3326 521 3385 Hanc
570 3320 914 3383 sententiam
968 3315 1211 3393 scriptor
1263 3310 1406 3370 dicit
1451 3308 1526 3367 ab
1570 3303 1921 3364 Antimacho
1966 3300 2105 3360 Teio
2156 3296 2448 3358 mutuasse

350 3419 624 3499 Augiam,
645 3422 872 3494 poetam
901 3412 1228 3469 obscurum.
1300 3400 1552 3464 Proinde
1575 3418 1690 3457 non
1713 3396 1899 3466 video,
1921 3413 2025 3453 cur
2054 3392 2188 3451 Nic.
2212 3390 2450 3449 Loensis

313 3502 603 3573 ‘MiscelL
634 3505 848 3585 Epiph.
887 3505 967 3562 ΙΙ.
1009 3505 1067 3560 7.
1109 3494 1461 3558 Antimacho
1490 3489 1857 3570 Colophonio
1882 3506 2107 3546 versum
2136 3484 2450 3552 adscribat,

351 3617 410 3668 et
437 3600 592 3664 unde
621 3606 977 3678 compertum
1004 3591 1292 3662 habuerit,
1310 3587 1386 3646 de
1414 3584 1715 3663 Eriphyles
1744 3578 1942 3639 monili
1970 3579 2029 3636 in
2059 3597 2130 3636 eo
2157 3575 2274 3654 agi,
2296 3574 2451 3653 quod

354 3700 454 3761 illa
489 3694 675 3757 mariti
721 3710 864 3751 nece
905 3705 1124 3765 suaque
1167 3680 1418 3763 pernicie
1461 3678 1621 3737 emit.
1721 3675 1905 3733 Immo
1955 3670 2223 3750 opinatur
2274 3668 2451 3740 idem,

353 3808 582 3854 versum
623 3787 784 3856 hinc,
813 3792 875 3842 at
916 3776 1294 3859 implicatiore
1335 3771 1555 3832 ambitu
1595 3766 1943 3847 expressisse
1980 3762 2232 3822 Statium
2268 3760 2451 3819 Theb.

356 3887 460 3947 IV.
497 3884 634 3944 193.
665 3898 796 3957 sqq.
881 3873 1000 3933 Sed
1030 3870 1247 3931 errasse
1283 3864 1510 3925 videtur
1545 3862 1631 3920 vir
1670 3860 1902 3929 doctus,
1930 3856 2072 3915 dum
2109 3853 2292 3913 obiter
2318 3853 2455 3912 Cle-

359 3987 611 4039 mentem
659 3973 1008 4050 inspexerat,
1047 3973 1148 4025 aut
1197 3956 1496 4021 Plutarchi
1543 3953 1634 4014 sui
1677 3960 1802 4012 erat
1844 3950 2161 4010 immemor.
2251 3946 2459 4024 Neque

359 4068 647 4133 sententia
683 4063 818 4127 talis
853 4070 959 4133 est,
990 4057 1181 4137 qualis
1220 4073 1336 4114 non
1367 4048 1617 4130 plurium
1661 4054 1956 4125 poetarum
2000 4038 2232 4118 ingenio
2268 4037 2460 4097 deberi

365 4164 564 4245 possit,
593 4160 664 4220 de
695 4156 808 4219 alia
834 4174 895 4214 re
923 4167 1292 4231 quacunque,
1323 4162 1499 4225 quam
1531 4140 1605 4200 de
1636 4136 1833 4199 monili
1862 4135 1959 4194 illo
1986 4130 2326 4193 dicentium.
