3125 5009
674 352 769 423 66
1281 368 1726 419 ANT1MAcu1
1783 363 2191 434 nmmum.

676 540 799 597 etc.
888 528 1083 605 Quod
1116 525 1529 593 Herodianus
1569 524 1672 589 hic
1713 524 1899 588 testis
1933 523 2026 602 fit,
2060 527 2126 589 ἐν
2165 527 2243 609 τῇ
2290 518 2572 586 καθόλου
2604 542 2807 604 προσ-

681 632 835 721 ῳδία
875 640 1057 719 put0,
1088 652 1277 718 opere
1316 630 1685 715 frequenter
1717 650 1756 691 a
1785 625 2237 692 Grammaticis
2283 624 2572 701 laudato,
2605 640 2687 685 ex
2728 638 2807 682 eo

682 734 921 821 aliquis
958 734 1305 811 existimet,
1348 753 1479 796 non
1520 730 1737 818 ipsum
1765 729 2114 794 Thebaidis
2159 748 2319 814 opus
2352 724 2683 790 Prisciano
2723 720 2804 784 ad

686 856 951 899 manum
994 834 1211 900 fuisse.
1302 832 1746 899 Grammatico.
1803 830 1856 917 ej
1870 853 1944 895 us
1989 828 2366 909 observatio,
2417 844 2812 916 quamquam

686 937 769 1000 ad
815 936 1078 1003 Latinos
1122 946 1355 1025 poetas
1388 936 1640 1024 proprie
1671 942 1942 1021 spectat,
1985 938 2075 1013 (v.
2108 932 2209 997 vel
2255 931 2480 997 HeinS.
2511 929 2594 993 ad
2624 926 2811 1012 Virg.

690 1037 829 1102 Ecl.
857 1038 1050 1104 VIII.
1084 1040 1199 1117 70)
1230 1047 1592 1126 opportuna
1631 1046 1844 1103 tamen
1883 1036 2062 1101 venit
2097 1034 2179 1099 ad
2222 1031 2675 1127 stabiliendum
2723 1028 2813 1106 id,

688 1140 867 1228 quod
910 1140 1129 1206 Schol.
1167 1140 1477 1205 Nicandri
1520 1139 1602 1203 ad
1643 1139 1830 1203 Ther.
1861 1139 1924 1219 3,
1967 1138 2046 1203 de
2093 1136 2352 1202 dialecti
2392 1133 2650 1200 Doricae
2686 1153 2811 1195 usu

690 1244 865 1332 apud
890 1244 1349 1311 Antimachum
1378 1241 1731 1307 adnotavit.
1758 1264 1819 1306 v.
1855 1262 2050 1328 supra
2081 1262 2143 1326 p.
2175 1239 2282 1303 47.

1699 1529 1820 1594 VI.

928 1712 1065 1795 Τδν
1106 1712 1224 1794 καὶ
1271 1712 1627 1825 ζωγρήσας
1666 1709 2025 1818 προσ-ἔφης,
2070 1709 2334 1808 Οἷνεῖδη
2377 1709 2583 1807 Τύδη.

704 1909 919 1977 HUNc
952 1935 1199 1980 versum
1234 1916 1413 1981 locus
1446 1914 1760 1979 Prisciani
1797 1915 1989 1980 modo
2022 1913 2345 1979 adductus
2375 1913 2655 1994 exhibet,
2683 1914 2820 1979 sine

698 2018 956 2081 nomine
1004 2017 1267 2105 quidem
1308 2016 1610 2096 auctoris,
1658 2017 1769 2081 sed
1817 2039 2011 2104 quem
2059 2025 2128 2081 et
2173 2016 2328 2081 ordo
2373 2018 2704 2081 verborum
2749 2017 2817 2081 in

700 2116 1162 2199 GrammaticO,
1210 2128 1277 2184 et
1321 2118 1534 2205 ipsum
1576 2120 1716 2205 ejus
1762 2127 2213 2205 argumentum
2254 2119 2643 2184 Antimacho
2687 2120 2823 2183 vin-

700 2220 895 2285 dicat.
990 2220 1242 2309 Neque,
1267 2221 1388 2285 hoc
1418 2222 1617 2286 semel
1639 2220 1938 2299 admiSSO,
1962 2220 2149 2285 valde
2177 2221 2630 2302 dubitandum,
2661 2223 2820 2311 quin

702 2345 737 2385 e
775 2322 1121 2403 Thebaide,
1160 2324 1333 2409 quod
1381 2345 1636 2387 carmen
1690 2324 1755 2387 in
1806 2323 2036 2387 vicinia
2083 2324 2376 2404 adduxit,
2416 2325 2821 2412 depromtum

703 2421 1071 2489 habeamuS.
1167 2424 1286 2489 Est
1315 2446 1462 2489 vero
1501 2425 1848 2490 admodum
1889 2425 2160 2490 elumbis
2201 2426 2282 2490 ob
2320 2426 2580 2491 nimiam
2625 2449 2822 2515 spon-

702 2526 1031 2592 daicorum
1052 2526 1497 2615 frequentiam,
1523 2551 1715 2615 quam
1743 2529 1932 2594 talem
1957 2528 2064 2593 vix
2087 2529 2156 2592 in
2180 2538 2510 2615 poetarum
2533 2530 2821 2619 principe

706 2626 984 2693 Homero
1034 2639 1181 2716 post
1227 2628 1307 2693 11.
1347 2660 1404 2695 a.
1447 2630 1545 2709 ll,
1588 2630 1882 2716 reperias.
1974 2630 2156 2695 Alias
2200 2630 2375 2696 hunc
2419 2631 2710 2697 imitatur
2752 2633 2822 2697 in

702 2732 1089 2818 apostrophe
1136 2731 1218 2795 ad
1270 2730 1584 2817 Tydeum,
1641 2743 1716 2796 ut
1759 2754 1926 2819 saepe
1979 2743 2078 2797 est
2131 2734 2199 2797 in
2243 2732 2538 2821 Odyssea
2593 2734 2821 2821 Εὔμαιε

707 2827 993 2914 συβῶτα,
1022 2836 1094 2892 ut
1122 2857 1191 2895 π.
1224 2829 1369 2892 464.
1401 2829 1483 2893 al.

1683 3151 1841 3215 VII.

1629 3346 1896 3438 Κύνθος.

707 3553 1071 3619 STEPHAN.
1103 3556 1281 3621 sz.
1334 3561 1616 3633 Κύνθος·
1645 3559 1791 3646 παρ’
1820 3561 2182 3651 Ἀντιμάχῳ
2217 3568 2284 3633 ἐν
2317 3570 2534 3655 πρώτῃ
2571 3569 2821 3657 Θηβαΐ-

708 3655 843 3733 δος·
887 3656 962 3724 ‘O
994 3662 1259 3744 οἰκήτωρ
1300 3662 1583 3735 Κύνὸιος
1611 3691 1668 3727 κ.
1703 3659 1769 3726 λ.
1829 3661 2234 3751 Stephanum
2261 3667 2569 3735 habemus
2599 3675 2822 3740 multis

706 3759 915 3823 modis
942 3760 1317 3840 laceratum,
1348 3760 1547 3847 idque
1577 3762 1642 3824 in
1677 3762 1800 3829 hoc
1830 3787 2095 3854 quoque
2122 3770 2399 3836 nomine.
2480 3773 2820 3843 Excidisse

704 3861 950 3948 aliquid
994 3872 1143 3948 post
1186 3866 1447 3938 Κύνὸος
1486 3862 1555 3926 in
1577 3940 1580 3945 Ι
1599 3875 1822 3951 aperto
1867 3877 1991 3948 est,
2023 3870 2087 3933 'si
2132 3880 2261 3936 non
2301 3884 2506 3960 poetae
2552 3880 2744 3945 verba
2785 3904 2821 3947 e

705 3961 1052 4042 Thebaide,
1076 3972 1246 4027 certe
1276 3964 1551 4029 nominis
1579 3966 1770 4052 positi
1801 3970 2181 4056 explicatio.
2245 3972 2564 4063 Supplent
2595 3980 2813 4069 Intpp.

706 4062 897 4142 hanc,
941 4066 1098 4150 ὄρος
1140 4062 1387 4140 Δήλου.
1477 4067 1570 4130 At
1613 4067 1665 4131 si
1714 4068 1855 4135 haec
1902 4072 2046 4154 fuit,
2087 4074 2247 4162 quid
2293 4086 2430 4141 tum
2475 4102 2637 4166 opus
2681 4092 2818 4147 tam

702 4167 897 4231 docta
953 4166 1377 4232 auctoritate?
1476 4169 1711 4235 Putem
1772 4174 1993 4261 itaque
2057 4178 2162 4241 hic
2221 4181 2524 4267 explicari
2583 4184 2816 4251 insulae
