<?xml version="1.0" encoding="UTF-8"?>
<!DOCTYPE html PUBLIC "-//W3C//DTD XHTML 1.0 Transitional//EN"
    "http://www.w3.org/TR/xhtml1/DTD/xhtml1-transitional.dtd">
<html xmlns="http://www.w3.org/1999/xhtml" xml:lang="en" lang="en">
 <head>
  <title>
</title>
<meta http-equiv="Content-Type" content="text/html;charset=utf-8" />
  <meta name='ocr-system' content='tesseract 3.04.00' />
  <meta name='ocr-capabilities' content='ocr_page ocr_carea ocr_par ocr_line ocrx_word'/>
</head>
<body>
  <div class='ocr_page' id='page_1' title='image "antimachicoloph00wolfgoog_0131.png"; bbox 0 0 3125 5009; ppageno 0'>
   <div class='ocr_carea' id='block_1_1' title="bbox 752 345 2256 418">
    <p class='ocr_par' dir='ltr' id='par_1_1' title="bbox 752 345 2256 418">
     <span class='ocr_line' id='line_1_1' title="bbox 752 345 2256 418; baseline -0.001 -5"><span class='ocrx_word' id='word_1_1' title='bbox 752 346 775 413; x_wconf 91' lang='lat' dir='ltr'><strong>l</strong></span> <span class='ocrx_word' id='word_1_2' title='bbox 803 345 885 413; x_wconf 85' lang='lat'><strong>18</strong></span> <span class='ocrx_word' id='word_1_3' title='bbox 1352 364 1798 412; x_wconf 69' lang='grc' dir='ltr'>ΑΝΤῐΜΑοι-ιι</span> <span class='ocrx_word' id='word_1_4' title='bbox 1855 362 2256 418; x_wconf 53' lang='lat' dir='ltr'><strong>numerum.</strong></span> 
     </span>
    </p>
   </div>
   <div class='ocr_carea' id='block_1_2' title="bbox 686 504 2857 3937">
    <p class='ocr_par' dir='ltr' id='par_1_2' title="bbox 686 504 2857 3937">
     <span class='ocr_line' id='line_1_2' title="bbox 746 504 2851 600; baseline -0.006 -22"><span class='ocrx_word' id='word_1_5' title='bbox 746 514 1025 579; x_wconf 81' lang='lat' dir='ltr'>Homero</span> <span class='ocrx_word' id='word_1_6' title='bbox 1052 515 1411 579; x_wconf 87' lang='lat' dir='ltr'><strong>celebratur</strong></span> <span class='ocrx_word' id='word_1_7' title='bbox 1440 515 1506 577; x_wconf 92' lang='lat' dir='ltr'><strong>in</strong></span> <span class='ocrx_word' id='word_1_8' title='bbox 1547 514 1834 577; x_wconf 88' lang='lat' dir='ltr'><strong>versibus</strong></span> <span class='ocrx_word' id='word_1_9' title='bbox 1854 512 1992 600; x_wconf 91' lang='lat' dir='ltr'><strong>jam</strong></span> <span class='ocrx_word' id='word_1_10' title='bbox 2025 521 2173 577; x_wconf 84' lang='lat' dir='ltr'><strong>ante</strong></span> <span class='ocrx_word' id='word_1_11' title='bbox 2203 508 2485 573; x_wconf 86' lang='lat' dir='ltr'><strong>laudatis</strong></span> <span class='ocrx_word' id='word_1_12' title='bbox 2519 507 2592 570; x_wconf 89' lang='lat'><strong>11.</strong></span> <span class='ocrx_word' id='word_1_13' title='bbox 2627 534 2667 571; x_wconf 85' lang='grc' dir='ltr'><strong>ι.</strong></span> <span class='ocrx_word' id='word_1_14' title='bbox 2700 504 2851 567; x_wconf 88' lang='grc'><strong>553.</strong></span> 
     </span>
     <span class='ocr_line' id='line_1_3' title="bbox 741 608 2857 703; baseline -0.005 -24"><span class='ocrx_word' id='word_1_15' title='bbox 741 638 885 703; x_wconf 89' lang='lat' dir='ltr'><strong>sqq.</strong></span> <span class='ocrx_word' id='word_1_16' title='bbox 975 616 1096 681; x_wconf 85' lang='lat' dir='ltr'><strong>Est</strong></span> <span class='ocrx_word' id='word_1_17' title='bbox 1134 618 1191 681; x_wconf 88' lang='lat' dir='ltr'><strong>is</strong></span> <span class='ocrx_word' id='word_1_18' title='bbox 1233 616 1515 703; x_wconf 80' lang='lat' dir='ltr'><strong>Apharei</strong></span> <span class='ocrx_word' id='word_1_19' title='bbox 1560 616 1756 696; x_wconf 86' lang='lat' dir='ltr'><strong>filius,</strong></span> <span class='ocrx_word' id='word_1_20' title='bbox 1789 614 2028 701; x_wconf 86' lang='lat' dir='ltr'>Lyncei</span> <span class='ocrx_word' id='word_1_21' title='bbox 2073 612 2385 677; x_wconf 83' lang='lat' dir='ltr'><strong>notissimi</strong></span> <span class='ocrx_word' id='word_1_22' title='bbox 2430 610 2600 674; x_wconf 87' lang='lat' dir='ltr'><strong>illius</strong></span> <span class='ocrx_word' id='word_1_23' title='bbox 2641 608 2857 685; x_wconf 86' lang='lat' dir='ltr'><strong>frater,</strong></span> 
     </span>
     <span class='ocr_line' id='line_1_4' title="bbox 742 708 2854 805; baseline -0.005 -24"><span class='ocrx_word' id='word_1_24' title='bbox 742 740 1022 804; x_wconf 88' lang='lat' dir='ltr'><strong>quocum</strong></span> <span class='ocrx_word' id='word_1_25' title='bbox 1054 729 1118 784; x_wconf 91' lang='lat' dir='ltr'><strong>et</strong></span> <span class='ocrx_word' id='word_1_26' title='bbox 1147 719 1285 805; x_wconf 91' lang='lat' dir='ltr'><strong>ipse</strong></span> <span class='ocrx_word' id='word_1_27' title='bbox 1309 720 1473 783; x_wconf 89' lang='lat' dir='ltr'><strong>inter</strong></span> <span class='ocrx_word' id='word_1_28' title='bbox 1494 719 1902 803; x_wconf 83' lang='lat' dir='ltr'>Argonautas</span> <span class='ocrx_word' id='word_1_29' title='bbox 1933 715 2054 779; x_wconf 83' lang='lat' dir='ltr'><strong>fuit</strong></span> <span class='ocrx_word' id='word_1_30' title='bbox 2086 713 2201 796; x_wconf 91' lang='lat' dir='ltr'><strong>(V.</strong></span> <span class='ocrx_word' id='word_1_31' title='bbox 2228 715 2444 801; x_wconf 84' lang='lat' dir='ltr'><strong>Apoll.</strong></span> <span class='ocrx_word' id='word_1_32' title='bbox 2472 712 2604 776; x_wconf 89' lang='lat' dir='ltr'><strong>Rh.</strong></span> <span class='ocrx_word' id='word_1_33' title='bbox 2630 710 2683 789; x_wconf 94' lang='lat' dir='ltr'><strong>I,</strong></span> <span class='ocrx_word' id='word_1_34' title='bbox 2708 708 2854 772; x_wconf 88' lang='grc'><strong>151.</strong></span> 
     </span>
     <span class='ocr_line' id='line_1_5' title="bbox 738 812 2857 907; baseline -0.004 -24"><span class='ocrx_word' id='word_1_35' title='bbox 738 826 936 907; x_wconf 87' lang='lat' dir='ltr'><strong>sqq.),</strong></span> <span class='ocrx_word' id='word_1_36' title='bbox 966 832 1247 887; x_wconf 88' lang='lat' dir='ltr'><strong>ceterum</strong></span> <span class='ocrx_word' id='word_1_37' title='bbox 1283 821 1624 907; x_wconf 86' lang='lat' dir='ltr'><strong>Marpissae</strong></span> <span class='ocrx_word' id='word_1_38' title='bbox 1657 828 1887 904; x_wconf 89' lang='lat' dir='ltr'><strong>raptor,</strong></span> <span class='ocrx_word' id='word_1_39' title='bbox 1908 842 1942 883; x_wconf 92' lang='lat' dir='ltr'><strong>e</strong></span> <span class='ocrx_word' id='word_1_40' title='bbox 1975 840 2106 905; x_wconf 88' lang='lat' dir='ltr'><strong>qua</strong></span> <span class='ocrx_word' id='word_1_41' title='bbox 2128 816 2537 903; x_wconf 76' lang='lat' dir='ltr'>Cleopatram</span> <span class='ocrx_word' id='word_1_42' title='bbox 2569 812 2857 889; x_wconf 83' lang='lat' dir='ltr'><strong>sustulit,</strong></span> 
     </span>
     <span class='ocr_line' id='line_1_6' title="bbox 735 916 2852 1010; baseline -0.003 -25"><span class='ocrx_word' id='word_1_43' title='bbox 735 923 895 987; x_wconf 88' lang='lat' dir='ltr'><strong>alias</strong></span> <span class='ocrx_word' id='word_1_44' title='bbox 947 933 1239 989; x_wconf 86' lang='lat' dir='ltr'><strong>vocatam</strong></span> <span class='ocrx_word' id='word_1_45' title='bbox 1292 924 1649 1010; x_wconf 85' lang='lat' dir='ltr'><strong>Alcyonen.</strong></span> <span class='ocrx_word' id='word_1_46' title='bbox 1741 921 1843 985; x_wconf 91' lang='lat' dir='ltr'><strong>Ad</strong></span> <span class='ocrx_word' id='word_1_47' title='bbox 1895 920 2059 984; x_wconf 87' lang='lat' dir='ltr'><strong>hanc</strong></span> <span class='ocrx_word' id='word_1_48' title='bbox 2113 919 2342 984; x_wconf 84' lang='lat' dir='ltr'><strong>referre</strong></span> <span class='ocrx_word' id='word_1_49' title='bbox 2389 941 2515 983; x_wconf 91' lang='lat' dir='ltr'><strong>non</strong></span> <span class='ocrx_word' id='word_1_50' title='bbox 2561 916 2852 981; x_wconf 87' lang='lat' dir='ltr'><strong>dubitem</strong></span> 
     </span>
     <span class='ocr_line' id='line_1_7' title="bbox 738 1019 2854 1112; baseline -0.002 -25"><span class='ocrx_word' id='word_1_51' title='bbox 738 1026 931 1089; x_wconf 86' lang='lat' dir='ltr'><strong>verba</strong></span> <span class='ocrx_word' id='word_1_52' title='bbox 948 1024 1245 1103; x_wconf 79' lang='grc' dir='ltr'><em>Ἴὸαντος</em></span> <span class='ocrx_word' id='word_1_53' title='bbox 1274 1028 1490 1112; x_wconf 75' lang='grc' dir='ltr'><strong>κούρη,</strong></span> <span class='ocrx_word' id='word_1_54' title='bbox 1522 1046 1671 1090; x_wconf 87' lang='lat' dir='ltr'><strong>cum</strong></span> <span class='ocrx_word' id='word_1_55' title='bbox 1703 1024 1868 1087; x_wconf 91' lang='lat' dir='ltr'><strong>alius</strong></span> <span class='ocrx_word' id='word_1_56' title='bbox 1900 1022 2037 1086; x_wconf 83' lang='lat' dir='ltr'><strong>Idae</strong></span> <span class='ocrx_word' id='word_1_57' title='bbox 2079 1023 2213 1086; x_wconf 90' lang='lat' dir='ltr'><strong>filia</strong></span> <span class='ocrx_word' id='word_1_58' title='bbox 2253 1023 2432 1087; x_wconf 90' lang='lat' dir='ltr'><strong>nulla</strong></span> <span class='ocrx_word' id='word_1_59' title='bbox 2470 1019 2708 1085; x_wconf 90' lang='lat' dir='ltr'><strong>fabulis</strong></span> <span class='ocrx_word' id='word_1_60' title='bbox 2737 1040 2854 1083; x_wconf 92' lang='lat' dir='ltr'><strong>no-</strong></span> 
     </span>
     <span class='ocr_line' id='line_1_8' title="bbox 734 1120 2850 1212; baseline -0.003 -21"><span class='ocrx_word' id='word_1_61' title='bbox 734 1128 986 1193; x_wconf 88' lang='lat' dir='ltr'><strong>bilitata</strong></span> <span class='ocrx_word' id='word_1_62' title='bbox 1012 1129 1377 1193; x_wconf 83' lang='lat' dir='ltr'><strong>innotuerit.</strong></span> <span class='ocrx_word' id='word_1_63' title='bbox 1444 1126 1587 1191; x_wconf 95' lang='lat' dir='ltr'><strong>Hoc</strong></span> <span class='ocrx_word' id='word_1_64' title='bbox 1619 1135 1834 1191; x_wconf 90' lang='lat' dir='ltr'><strong>autem</strong></span> <span class='ocrx_word' id='word_1_65' title='bbox 1863 1124 2074 1212; x_wconf 92' lang='lat' dir='ltr'><strong>posito</strong></span> <span class='ocrx_word' id='word_1_66' title='bbox 2107 1146 2326 1190; x_wconf 88' lang='lat' dir='ltr'><strong>versus</strong></span> <span class='ocrx_word' id='word_1_67' title='bbox 2355 1124 2549 1190; x_wconf 87' lang='lat' dir='ltr'><strong>etiam</strong></span> <span class='ocrx_word' id='word_1_68' title='bbox 2577 1122 2737 1186; x_wconf 87' lang='lat' dir='ltr'><strong>alter</strong></span> <span class='ocrx_word' id='word_1_69' title='bbox 2765 1120 2850 1185; x_wconf 90' lang='lat' dir='ltr'><strong>ad</strong></span> 
     </span>
     <span class='ocr_line' id='line_1_9' title="bbox 734 1221 2851 1315; baseline -0.002 -25"><span class='ocrx_word' id='word_1_70' title='bbox 734 1229 1010 1293; x_wconf 91' lang='lat' dir='ltr'><strong>eundem</strong></span> <span class='ocrx_word' id='word_1_71' title='bbox 1040 1238 1325 1315; x_wconf 88' lang='lat' dir='ltr'><strong>spectare</strong></span> <span class='ocrx_word' id='word_1_72' title='bbox 1356 1228 1698 1308; x_wconf 85' lang='lat' dir='ltr'><strong>videbitur,</strong></span> <span class='ocrx_word' id='word_1_73' title='bbox 1720 1249 1922 1313; x_wconf 89' lang='lat' dir='ltr'><strong>eoque</strong></span> <span class='ocrx_word' id='word_1_74' title='bbox 1949 1226 2177 1312; x_wconf 83' lang='lat' dir='ltr'><strong>magiS,</strong></span> <span class='ocrx_word' id='word_1_75' title='bbox 2205 1226 2380 1314; x_wconf 90' lang='lat' dir='ltr'><strong>quod</strong></span> <span class='ocrx_word' id='word_1_76' title='bbox 2411 1225 2554 1311; x_wconf 87' lang='lat' dir='ltr'><strong>ipsa</strong></span> <span class='ocrx_word' id='word_1_77' title='bbox 2584 1221 2851 1289; x_wconf 88' lang='lat' dir='ltr'><strong>Homeri</strong></span> 
     </span>
     <span class='ocr_line' id='line_1_10' title="bbox 735 1324 2848 1418; baseline -0.003 -23"><span class='ocrx_word' id='word_1_78' title='bbox 735 1331 949 1409; x_wconf 84' lang='lat' dir='ltr'><strong>verba,</strong></span> <span class='ocrx_word' id='word_1_79' title='bbox 970 1333 1046 1407; x_wconf 84' lang='grc' dir='ltr'><strong>ὃς</strong></span> <span class='ocrx_word' id='word_1_80' title='bbox 1076 1334 1406 1418; x_wconf 76' lang='grc' dir='ltr'>κάρτιστος</span> <span class='ocrx_word' id='word_1_81' title='bbox 1436 1328 1823 1417; x_wconf 79' lang='grc' dir='ltr'>ἐπιχθονίων</span> <span class='ocrx_word' id='word_1_82' title='bbox 1852 1334 1931 1405; x_wconf 81' lang='grc' dir='ltr'><strong>ἦν</strong></span> <span class='ocrx_word' id='word_1_83' title='bbox 1963 1325 2242 1415; x_wconf 71' lang='grc' dir='ltr'>ἀνδρῶν,</span> <span class='ocrx_word' id='word_1_84' title='bbox 2261 1327 2342 1391; x_wconf 81' lang='lat' dir='ltr'><strong>de</strong></span> <span class='ocrx_word' id='word_1_85' title='bbox 2371 1327 2498 1391; x_wconf 83' lang='lat' dir='ltr'><strong>alio</strong></span> <span class='ocrx_word' id='word_1_86' title='bbox 2519 1326 2708 1389; x_wconf 86' lang='lat' dir='ltr'><strong>heroe</strong></span> <span class='ocrx_word' id='word_1_87' title='bbox 2737 1324 2848 1390; x_wconf 87' lang='lat' dir='ltr'><strong>vix</strong></span> 
     </span>
     <span class='ocr_line' id='line_1_11' title="bbox 734 1429 2852 1519; baseline -0.003 -23"><span class='ocrx_word' id='word_1_88' title='bbox 734 1433 895 1497; x_wconf 92' lang='lat' dir='ltr'><strong>bene</strong></span> <span class='ocrx_word' id='word_1_89' title='bbox 926 1433 1178 1497; x_wconf 90' lang='lat' dir='ltr'><strong>retineri</strong></span> <span class='ocrx_word' id='word_1_90' title='bbox 1210 1432 1553 1519; x_wconf 89' lang='lat' dir='ltr'><strong>potuerint.</strong></span> <span class='ocrx_word' id='word_1_91' title='bbox 1644 1430 1683 1494; x_wconf 91' lang='lat' dir='ltr'>J</span> <span class='ocrx_word' id='word_1_92' title='bbox 1689 1454 1792 1495; x_wconf 90' lang='lat' dir='ltr'><strong>am</strong></span> <span class='ocrx_word' id='word_1_93' title='bbox 1831 1430 1885 1494; x_wconf 85' lang='lat' dir='ltr'><strong>si</strong></span> <span class='ocrx_word' id='word_1_94' title='bbox 1916 1429 2057 1494; x_wconf 83' lang='lat' dir='ltr'><strong>haec</strong></span> <span class='ocrx_word' id='word_1_95' title='bbox 2088 1429 2461 1494; x_wconf 86' lang='lat' dir='ltr'><strong>Antimachi</strong></span> <span class='ocrx_word' id='word_1_96' title='bbox 2491 1429 2852 1515; x_wconf 84' lang='lat' dir='ltr'><strong>fragmenta</strong></span> 
     </span>
     <span class='ocr_line' id='line_1_12' title="bbox 735 1527 2851 1619; baseline -0.003 -23"><span class='ocrx_word' id='word_1_97' title='bbox 735 1533 816 1596; x_wconf 88' lang='lat' dir='ltr'><strong>ad</strong></span> <span class='ocrx_word' id='word_1_98' title='bbox 858 1533 1249 1598; x_wconf 79' lang='lat' dir='ltr'><strong>Thebaidem</strong></span> <span class='ocrx_word' id='word_1_99' title='bbox 1288 1533 1578 1612; x_wconf 86' lang='lat' dir='ltr'><strong>retuleris</strong></span> <span class='ocrx_word' id='word_1_100' title='bbox 1619 1532 1824 1619; x_wconf 89' lang='lat' dir='ltr'><strong>(quod</strong></span> <span class='ocrx_word' id='word_1_101' title='bbox 1869 1531 1950 1596; x_wconf 90' lang='lat' dir='ltr'><strong>de</strong></span> <span class='ocrx_word' id='word_1_102' title='bbox 1991 1532 2196 1617; x_wconf 89' lang='lat' dir='ltr'><strong>priore</strong></span> <span class='ocrx_word' id='word_1_103' title='bbox 2237 1552 2389 1596; x_wconf 86' lang='lat' dir='ltr'><strong>sane</strong></span> <span class='ocrx_word' id='word_1_104' title='bbox 2435 1527 2851 1617; x_wconf 84' lang='lat' dir='ltr'><strong>probabiliter</strong></span> 
     </span>
     <span class='ocr_line' id='line_1_13' title="bbox 732 1630 2852 1721; baseline -0.001 -24"><span class='ocrx_word' id='word_1_105' title='bbox 732 1635 895 1715; x_wconf 89' lang='lat' dir='ltr'><strong>fiat),</strong></span> <span class='ocrx_word' id='word_1_106' title='bbox 931 1636 1143 1700; x_wconf 80' lang='lat' dir='ltr'><strong>forsan</strong></span> <span class='ocrx_word' id='word_1_107' title='bbox 1184 1635 1337 1699; x_wconf 84' lang='lat' dir='ltr'><strong>hinc</strong></span> <span class='ocrx_word' id='word_1_108' title='bbox 1377 1635 1720 1721; x_wconf 82' lang='lat' dir='ltr'><strong>intelliges,</strong></span> <span class='ocrx_word' id='word_1_109' title='bbox 1763 1634 1935 1698; x_wconf 91' lang='lat' dir='ltr'><strong>unde</strong></span> <span class='ocrx_word' id='word_1_110' title='bbox 1980 1632 2164 1698; x_wconf 86' lang='lat' dir='ltr'><strong>Idam</strong></span> <span class='ocrx_word' id='word_1_111' title='bbox 2208 1655 2396 1697; x_wconf 91' lang='lat' dir='ltr'><strong>suum</strong></span> <span class='ocrx_word' id='word_1_112' title='bbox 2445 1630 2692 1699; x_wconf 80' lang='lat' dir='ltr'><strong>Statius</strong></span> <span class='ocrx_word' id='word_1_113' title='bbox 2739 1652 2852 1695; x_wconf 89' lang='lat' dir='ltr'><strong>ac-</strong></span> 
     </span>
     <span class='ocr_line' id='line_1_14' title="bbox 732 1733 2850 1823; baseline -0.001 -23"><span class='ocrx_word' id='word_1_114' title='bbox 732 1738 993 1822; x_wconf 84' lang='lat' dir='ltr'><strong>ceperit,</strong></span> <span class='ocrx_word' id='word_1_115' title='bbox 1042 1758 1237 1823; x_wconf 89' lang='lat' dir='ltr'><strong>quem</strong></span> <span class='ocrx_word' id='word_1_116' title='bbox 1286 1737 1393 1801; x_wconf 90' lang='lat' dir='ltr'><strong>ille</strong></span> <span class='ocrx_word' id='word_1_117' title='bbox 1443 1736 1681 1823; x_wconf 83' lang='lat' dir='ltr'><strong>saepius</strong></span> <span class='ocrx_word' id='word_1_118' title='bbox 1730 1736 1952 1801; x_wconf 90' lang='lat' dir='ltr'><strong>eadem</strong></span> <span class='ocrx_word' id='word_1_119' title='bbox 2004 1734 2351 1813; x_wconf 88' lang='lat' dir='ltr'><strong>ferocitate,</strong></span> <span class='ocrx_word' id='word_1_120' title='bbox 2398 1756 2530 1821; x_wconf 90' lang='lat' dir='ltr'><strong>qua</strong></span> <span class='ocrx_word' id='word_1_121' title='bbox 2573 1733 2656 1798; x_wconf 88' lang='lat' dir='ltr'><strong>ab</strong></span> <span class='ocrx_word' id='word_1_122' title='bbox 2703 1734 2850 1797; x_wconf 88' lang='lat' dir='ltr'><strong>aliis</strong></span> 
     </span>
     <span class='ocr_line' id='line_1_15' title="bbox 733 1835 2849 1925; baseline -0.001 -24"><span class='ocrx_word' id='word_1_123' title='bbox 733 1860 995 1925; x_wconf 88' lang='lat' dir='ltr'><strong>quoque</strong></span> <span class='ocrx_word' id='word_1_124' title='bbox 1034 1839 1184 1903; x_wconf 90' lang='lat' dir='ltr'><strong>inde</strong></span> <span class='ocrx_word' id='word_1_125' title='bbox 1226 1839 1308 1903; x_wconf 89' lang='lat' dir='ltr'><strong>ab</strong></span> <span class='ocrx_word' id='word_1_126' title='bbox 1341 1837 1628 1903; x_wconf 87' lang='lat' dir='ltr'><strong>Homero</strong></span> <span class='ocrx_word' id='word_1_127' title='bbox 1667 1848 1949 1917; x_wconf 85' lang='lat' dir='ltr'><strong>notatur,</strong></span> <span class='ocrx_word' id='word_1_128' title='bbox 1975 1838 2044 1902; x_wconf 92' lang='lat' dir='ltr'><strong>in</strong></span> <span class='ocrx_word' id='word_1_129' title='bbox 2075 1846 2489 1925; x_wconf 84' lang='lat' dir='ltr'><strong>conspectum</strong></span> <span class='ocrx_word' id='word_1_130' title='bbox 2531 1835 2849 1923; x_wconf 87' lang='lat' dir='ltr'><strong>producit,</strong></span> 
     </span>
     <span class='ocr_line' id='line_1_16' title="bbox 733 1937 2848 2028; baseline -0.001 -25"><span class='ocrx_word' id='word_1_131' title='bbox 733 1940 1021 2027; x_wconf 88' lang='lat' dir='ltr'><strong>inprimis</strong></span> <span class='ocrx_word' id='word_1_132' title='bbox 1051 1940 1212 2005; x_wconf 91' lang='lat' dir='ltr'><strong>libro</strong></span> <span class='ocrx_word' id='word_1_133' title='bbox 1242 1940 1364 2022; x_wconf 90' lang='lat' dir='ltr'><strong>VI,</strong></span> <span class='ocrx_word' id='word_1_134' title='bbox 1396 1942 1543 2005; x_wconf 91' lang='grc'><strong>553.</strong></span> <span class='ocrx_word' id='word_1_135' title='bbox 1580 1962 1748 2028; x_wconf 69' lang='lat' dir='ltr'><strong>sqq„</strong></span> <span class='ocrx_word' id='word_1_136' title='bbox 1779 1940 1888 2005; x_wconf 91' lang='lat' dir='ltr'><strong>ubi</strong></span> <span class='ocrx_word' id='word_1_137' title='bbox 1918 1940 2108 2005; x_wconf 91' lang='lat' dir='ltr'><strong>ludos</strong></span> <span class='ocrx_word' id='word_1_138' title='bbox 2145 1938 2442 2004; x_wconf 87' lang='lat' dir='ltr'><strong>funebres</strong></span> <span class='ocrx_word' id='word_1_139' title='bbox 2471 1937 2848 2002; x_wconf 87' lang='lat' dir='ltr'><strong>Archemori</strong></span> 
     </span>
     <span class='ocr_line' id='line_1_17' title="bbox 729 2039 2846 2107; baseline 0 -5"><span class='ocrx_word' id='word_1_140' title='bbox 729 2040 1060 2107; x_wconf 87' lang='lat' dir='ltr'><strong>institutos</strong></span> <span class='ocrx_word' id='word_1_141' title='bbox 1094 2051 1225 2106; x_wconf 90' lang='lat' dir='ltr'><strong>tam</strong></span> <span class='ocrx_word' id='word_1_142' title='bbox 1258 2043 1591 2107; x_wconf 85' lang='lat' dir='ltr'><strong>ambitiose</strong></span> <span class='ocrx_word' id='word_1_143' title='bbox 1621 2042 1942 2107; x_wconf 87' lang='lat' dir='ltr'><strong>describit.</strong></span> <span class='ocrx_word' id='word_1_144' title='bbox 2034 2042 2124 2107; x_wconf 92' lang='lat' dir='ltr'><strong>At</strong></span> <span class='ocrx_word' id='word_1_145' title='bbox 2147 2063 2292 2106; x_wconf 90' lang='lat' dir='ltr'><strong>vero</strong></span> <span class='ocrx_word' id='word_1_146' title='bbox 2321 2062 2471 2105; x_wconf 90' lang='lat' dir='ltr'><strong>eum</strong></span> <span class='ocrx_word' id='word_1_147' title='bbox 2496 2039 2676 2103; x_wconf 91' lang='lat' dir='ltr'><strong>nullo</strong></span> <span class='ocrx_word' id='word_1_148' title='bbox 2702 2039 2846 2103; x_wconf 89' lang='lat' dir='ltr'><strong>loco</strong></span> 
     </span>
     <span class='ocr_line' id='line_1_18' title="bbox 733 2142 2850 2231; baseline 0.001 -26"><span class='ocrx_word' id='word_1_149' title='bbox 733 2142 999 2207; x_wconf 87' lang='lat' dir='ltr'><strong>Latinus</strong></span> <span class='ocrx_word' id='word_1_150' title='bbox 1031 2154 1217 2231; x_wconf 86' lang='lat' dir='ltr'><strong>poeta</strong></span> <span class='ocrx_word' id='word_1_151' title='bbox 1244 2144 1529 2231; x_wconf 87' lang='lat' dir='ltr'><strong>Apharei</strong></span> <span class='ocrx_word' id='word_1_152' title='bbox 1560 2146 1762 2209; x_wconf 85' lang='lat' dir='ltr'><strong>filium</strong></span> <span class='ocrx_word' id='word_1_153' title='bbox 1793 2144 2090 2230; x_wconf 89' lang='lat' dir='ltr'><strong>prodidit.</strong></span> <span class='ocrx_word' id='word_1_154' title='bbox 2184 2144 2338 2209; x_wconf 92' lang='lat' dir='ltr'><strong>Fuit</strong></span> <span class='ocrx_word' id='word_1_155' title='bbox 2379 2165 2609 2228; x_wconf 91' lang='lat' dir='ltr'><strong>nempe</strong></span> <span class='ocrx_word' id='word_1_156' title='bbox 2646 2143 2850 2207; x_wconf 89' lang='lat' dir='ltr'><strong>altera</strong></span> 
     </span>
     <span class='ocr_line' id='line_1_19' title="bbox 728 2244 2848 2333; baseline 0.001 -26"><span class='ocrx_word' id='word_1_157' title='bbox 728 2244 921 2325; x_wconf 86' lang='lat' dir='ltr'><strong>fama,</strong></span> <span class='ocrx_word' id='word_1_158' title='bbox 948 2268 1095 2331; x_wconf 86' lang='lat' dir='ltr'><strong>quae</strong></span> <span class='ocrx_word' id='word_1_159' title='bbox 1139 2245 1517 2333; x_wconf 89' lang='lat' dir='ltr'><strong>Neptunum</strong></span> <span class='ocrx_word' id='word_1_160' title='bbox 1548 2247 1671 2333; x_wconf 87' lang='lat' dir='ltr'><strong>ipsi</strong></span> <span class='ocrx_word' id='word_1_161' title='bbox 1703 2255 1946 2333; x_wconf 89' lang='lat' dir='ltr'><strong>patrem</strong></span> <span class='ocrx_word' id='word_1_162' title='bbox 1985 2246 2230 2325; x_wconf 91' lang='lat' dir='ltr'><strong>tribuit,</strong></span> <span class='ocrx_word' id='word_1_163' title='bbox 2261 2254 2554 2310; x_wconf 84' lang='lat' dir='ltr'><strong>narrante</strong></span> <span class='ocrx_word' id='word_1_164' title='bbox 2582 2244 2848 2331; x_wconf 91' lang='lat' dir='ltr'><strong>Apollo-</strong></span> 
     </span>
     <span class='ocr_line' id='line_1_20' title="bbox 728 2345 2841 2436; baseline 0.002 -28"><span class='ocrx_word' id='word_1_165' title='bbox 728 2345 881 2410; x_wconf 92' lang='lat' dir='ltr'><strong>doro</strong></span> <span class='ocrx_word' id='word_1_166' title='bbox 914 2345 1045 2426; x_wconf 85' lang='lat'><strong>111,</strong></span> <span class='ocrx_word' id='word_1_167' title='bbox 1085 2347 1185 2412; x_wconf 90' lang='grc'><strong>10.</strong></span> <span class='ocrx_word' id='word_1_168' title='bbox 1220 2370 1287 2435; x_wconf 92' lang='lat' dir='ltr'><strong>p.</strong></span> <span class='ocrx_word' id='word_1_169' title='bbox 1318 2350 1468 2413; x_wconf 82' lang='lat'><strong>233.</strong></span> <span class='ocrx_word' id='word_1_170' title='bbox 1534 2348 1743 2435; x_wconf 87' lang='lat' dir='ltr'><strong>Cujus</strong></span> <span class='ocrx_word' id='word_1_171' title='bbox 1775 2348 2037 2436; x_wconf 89' lang='lat' dir='ltr'><strong>quidem</strong></span> <span class='ocrx_word' id='word_1_172' title='bbox 2070 2349 2257 2413; x_wconf 83' lang='lat' dir='ltr'><strong>famae</strong></span> <span class='ocrx_word' id='word_1_173' title='bbox 2288 2357 2608 2412; x_wconf 88' lang='lat' dir='ltr'><strong>auctorem</strong></span> <span class='ocrx_word' id='word_1_174' title='bbox 2639 2348 2841 2413; x_wconf 90' lang='lat' dir='ltr'><strong>alium</strong></span> 
     </span>
     <span class='ocr_line' id='line_1_21' title="bbox 726 2448 2839 2533; baseline 0.001 -22"><span class='ocrx_word' id='word_1_175' title='bbox 726 2470 918 2533; x_wconf 90' lang='lat' dir='ltr'><strong>quem</strong></span> <span class='ocrx_word' id='word_1_176' title='bbox 970 2448 1229 2514; x_wconf 88' lang='lat' dir='ltr'><strong>afferam</strong></span> <span class='ocrx_word' id='word_1_177' title='bbox 1275 2450 1341 2512; x_wconf 92' lang='lat' dir='ltr'><strong>in</strong></span> <span class='ocrx_word' id='word_1_178' title='bbox 1392 2450 1642 2515; x_wconf 81' lang='lat' dir='ltr'><strong>Graecis</strong></span> <span class='ocrx_word' id='word_1_179' title='bbox 1693 2459 1885 2530; x_wconf 87' lang='lat' dir='ltr'><strong>certe,</strong></span> <span class='ocrx_word' id='word_1_180' title='bbox 1933 2472 2059 2514; x_wconf 92' lang='lat' dir='ltr'><strong>non</strong></span> <span class='ocrx_word' id='word_1_181' title='bbox 2115 2450 2336 2514; x_wconf 89' lang='lat' dir='ltr'><strong>habeo.</strong></span> <span class='ocrx_word' id='word_1_182' title='bbox 2429 2449 2567 2515; x_wconf 89' lang='lat' dir='ltr'><strong>Nec</strong></span> <span class='ocrx_word' id='word_1_183' title='bbox 2621 2460 2839 2516; x_wconf 89' lang='lat' dir='ltr'><strong>tamen</strong></span> 
     </span>
     <span class='ocr_line' id='line_1_22' title="bbox 726 2547 2841 2637; baseline 0.002 -26"><span class='ocrx_word' id='word_1_184' title='bbox 726 2547 932 2613; x_wconf 86' lang='lat' dir='ltr'><strong>Statio</strong></span> <span class='ocrx_word' id='word_1_185' title='bbox 962 2550 1122 2614; x_wconf 91' lang='lat' dir='ltr'><strong>nihil</strong></span> <span class='ocrx_word' id='word_1_186' title='bbox 1154 2552 1552 2616; x_wconf 87' lang='lat' dir='ltr'><strong>auctoritatis</strong></span> <span class='ocrx_word' id='word_1_187' title='bbox 1583 2562 1680 2616; x_wconf 91' lang='lat' dir='ltr'><strong>est</strong></span> <span class='ocrx_word' id='word_1_188' title='bbox 1707 2552 1773 2614; x_wconf 93' lang='lat' dir='ltr'><strong>in</strong></span> <span class='ocrx_word' id='word_1_189' title='bbox 1806 2551 2062 2631; x_wconf 82' lang='lat' dir='ltr'><strong>talibus,</strong></span> <span class='ocrx_word' id='word_1_190' title='bbox 2083 2574 2229 2637; x_wconf 82' lang='lat' dir='ltr'><strong>quae</strong></span> <span class='ocrx_word' id='word_1_191' title='bbox 2259 2572 2335 2615; x_wconf 85' lang='lat' dir='ltr'><strong>ex</strong></span> <span class='ocrx_word' id='word_1_192' title='bbox 2367 2549 2841 2637; x_wconf 90' lang='lat' dir='ltr'><strong>antiquioribus</strong></span> 
     </span>
     <span class='ocr_line' id='line_1_23' title="bbox 726 2648 2836 2739; baseline 0.002 -28"><span class='ocrx_word' id='word_1_193' title='bbox 726 2648 978 2730; x_wconf 85' lang='lat' dir='ltr'><strong>hausta,</strong></span> <span class='ocrx_word' id='word_1_194' title='bbox 1005 2673 1133 2716; x_wconf 90' lang='lat' dir='ltr'><strong>non</strong></span> <span class='ocrx_word' id='word_1_195' title='bbox 1166 2674 1205 2715; x_wconf 93' lang='lat' dir='ltr'><strong>a</strong></span> <span class='ocrx_word' id='word_1_196' title='bbox 1235 2674 1302 2717; x_wconf 88' lang='lat' dir='ltr'><strong>se</strong></span> <span class='ocrx_word' id='word_1_197' title='bbox 1332 2654 1506 2733; x_wconf 90' lang='lat' dir='ltr'><strong>ficta,</strong></span> <span class='ocrx_word' id='word_1_198' title='bbox 1539 2653 1606 2717; x_wconf 93' lang='lat' dir='ltr'><strong>in</strong></span> <span class='ocrx_word' id='word_1_199' title='bbox 1631 2675 1885 2718; x_wconf 87' lang='lat' dir='ltr'><strong>carmen</strong></span> <span class='ocrx_word' id='word_1_200' title='bbox 1916 2675 2104 2717; x_wconf 90' lang='lat' dir='ltr'><strong>suum</strong></span> <span class='ocrx_word' id='word_1_201' title='bbox 2133 2652 2382 2733; x_wconf 88' lang='lat' dir='ltr'><strong>intulit;</strong></span> <span class='ocrx_word' id='word_1_202' title='bbox 2431 2652 2616 2739; x_wconf 90' lang='lat' dir='ltr'><strong>isque</strong></span> <span class='ocrx_word' id='word_1_203' title='bbox 2645 2674 2836 2716; x_wconf 84' lang='lat' dir='ltr'><strong>suurn</strong></span> 
     </span>
     <span class='ocr_line' id='line_1_24' title="bbox 727 2751 2839 2841; baseline 0.002 -28"><span class='ocrx_word' id='word_1_204' title='bbox 727 2751 932 2829; x_wconf 87' lang='lat' dir='ltr'><strong>Idam,</strong></span> <span class='ocrx_word' id='word_1_205' title='bbox 961 2757 1176 2817; x_wconf 81' lang='lat' dir='ltr'><strong>c&#39;astra</strong></span> <span class='ocrx_word' id='word_1_206' title='bbox 1205 2755 1466 2818; x_wconf 85' lang='lat' dir='ltr'><strong>Adrasti</strong></span> <span class='ocrx_word' id='word_1_207' title='bbox 1493 2765 1865 2841; x_wconf 88' lang='lat' dir='ltr'><strong>sequutum,</strong></span> <span class='ocrx_word' id='word_1_208' title='bbox 1905 2753 2258 2823; x_wconf 79' lang='lat' dir='ltr'><strong>Taenarium</strong></span> <span class='ocrx_word' id='word_1_209' title='bbox 2288 2754 2450 2819; x_wconf 88' lang='lat' dir='ltr'><strong>dicit</strong></span> <span class='ocrx_word' id='word_1_210' title='bbox 2478 2753 2639 2835; x_wconf 92' lang='lat' dir='ltr'><strong>VII,</strong></span> <span class='ocrx_word' id='word_1_211' title='bbox 2665 2754 2839 2835; x_wconf 71' lang='lat'>588„</span> 
     </span>
     <span class='ocr_line' id='line_1_25' title="bbox 721 2855 2832 2943; baseline 0.003 -28"><span class='ocrx_word' id='word_1_212' title='bbox 721 2855 894 2939; x_wconf 92' lang='lat' dir='ltr'><strong>quod</strong></span> <span class='ocrx_word' id='word_1_213' title='bbox 925 2855 1085 2919; x_wconf 89' lang='lat' dir='ltr'><strong>forte</strong></span> <span class='ocrx_word' id='word_1_214' title='bbox 1114 2856 1375 2920; x_wconf 90' lang='lat' dir='ltr'><strong>doctum</strong></span> <span class='ocrx_word' id='word_1_215' title='bbox 1417 2856 1749 2943; x_wconf 86' lang='lat' dir='ltr'><strong>epitheton</strong></span> <span class='ocrx_word' id='word_1_216' title='bbox 1780 2878 1894 2943; x_wconf 94' lang='lat' dir='ltr'><strong>pro</strong></span> <span class='ocrx_word' id='word_1_217' title='bbox 1929 2855 2210 2941; x_wconf 78' lang='lat' dir='ltr'><strong>Neptuni</strong></span> <span class='ocrx_word' id='word_1_218' title='bbox 2225 2855 2410 2941; x_wconf 81' lang='lat' dir='ltr'><strong>prole</strong></span> <span class='ocrx_word' id='word_1_219' title='bbox 2439 2856 2832 2921; x_wconf 89' lang='lat' dir='ltr'><strong>habendum.</strong></span> 
     </span>
     <span class='ocr_line' id='line_1_26' title="bbox 720 2953 2830 3045; baseline 0.004 -29"><span class='ocrx_word' id='word_1_220' title='bbox 720 2953 1027 3019; x_wconf 82' lang='lat' dir='ltr'><strong>Taenarus</strong></span> <span class='ocrx_word' id='word_1_221' title='bbox 1054 2956 1245 3035; x_wconf 89' lang='lat' dir='ltr'><strong>enim,</strong></span> <span class='ocrx_word' id='word_1_222' title='bbox 1278 2958 1573 3022; x_wconf 87' lang='lat' dir='ltr'><strong>Laconiae</strong></span> <span class='ocrx_word' id='word_1_223' title='bbox 1618 2957 1788 3039; x_wconf 87' lang='lat' dir='ltr'><strong>urbs,</strong></span> <span class='ocrx_word' id='word_1_224' title='bbox 1836 2957 2143 3045; x_wconf 90' lang='lat' dir='ltr'><strong>Neptuno</strong></span> <span class='ocrx_word' id='word_1_225' title='bbox 2191 2981 2392 3037; x_wconf 86' lang='lat' dir='ltr'><strong>sacra,</strong></span> <span class='ocrx_word' id='word_1_226' title='bbox 2437 2960 2536 3024; x_wconf 88' lang='lat' dir='ltr'><strong>vel</strong></span> <span class='ocrx_word' id='word_1_227' title='bbox 2567 2982 2602 3023; x_wconf 91' lang='lat' dir='ltr'><strong>e</strong></span> <span class='ocrx_word' id='word_1_228' title='bbox 2635 2959 2830 3025; x_wconf 90' lang='lat' dir='ltr'><strong>Corn.</strong></span> 
     </span>
     <span class='ocr_line' id='line_1_27' title="bbox 723 3055 2834 3149; baseline 0.004 -31"><span class='ocrx_word' id='word_1_229' title='bbox 723 3055 887 3143; x_wconf 90' lang='lat' dir='ltr'><strong>Nep.</strong></span> <span class='ocrx_word' id='word_1_230' title='bbox 918 3057 985 3119; x_wconf 91' lang='lat' dir='ltr'><strong>in</strong></span> <span class='ocrx_word' id='word_1_231' title='bbox 1022 3057 1215 3125; x_wconf 80' lang='lat' dir='ltr'><strong>PauS.</strong></span> <span class='ocrx_word' id='word_1_232' title='bbox 1247 3080 1304 3123; x_wconf 82' lang='lat' dir='ltr'><strong>e.</strong></span> <span class='ocrx_word' id='word_1_233' title='bbox 1335 3061 1396 3123; x_wconf 88' lang='lat'><strong>4.</strong></span> <span class='ocrx_word' id='word_1_234' title='bbox 1429 3069 1582 3123; x_wconf 89' lang='lat' dir='ltr'><strong>nota</strong></span> <span class='ocrx_word' id='word_1_235' title='bbox 1605 3070 1721 3139; x_wconf 90' lang='lat' dir='ltr'><strong>est,</strong></span> <span class='ocrx_word' id='word_1_236' title='bbox 1752 3061 1862 3125; x_wconf 91' lang='lat' dir='ltr'><strong>ubi</strong></span> <span class='ocrx_word' id='word_1_237' title='bbox 1895 3084 1948 3125; x_wconf 88' lang='lat' dir='ltr'><strong>v.</strong></span> <span class='ocrx_word' id='word_1_238' title='bbox 1990 3061 2208 3149; x_wconf 89' lang='lat' dir='ltr'><strong>Intpp.</strong></span> <span class='ocrx_word' id='word_1_239' title='bbox 2298 3061 2485 3125; x_wconf 89' lang='lat' dir='ltr'><strong>Alius</strong></span> <span class='ocrx_word' id='word_1_240' title='bbox 2523 3070 2834 3149; x_wconf 85' lang='lat' dir='ltr'><strong>praeterea</strong></span> 
     </span>
     <span class='ocr_line' id='line_1_28' title="bbox 718 3158 2831 3249; baseline 0.004 -29"><span class='ocrx_word' id='word_1_241' title='bbox 718 3179 820 3243; x_wconf 89' lang='lat' dir='ltr'><strong>ap.</strong></span> <span class='ocrx_word' id='word_1_242' title='bbox 854 3158 1022 3222; x_wconf 88' lang='lat' dir='ltr'><strong>Stat.</strong></span> <span class='ocrx_word' id='word_1_243' title='bbox 1055 3160 1269 3224; x_wconf 87' lang='lat' dir='ltr'><strong>adhuc</strong></span> <span class='ocrx_word' id='word_1_244' title='bbox 1301 3160 1454 3225; x_wconf 89' lang='lat' dir='ltr'><strong>Idas</strong></span> <span class='ocrx_word' id='word_1_245' title='bbox 1478 3172 1579 3225; x_wconf 90' lang='lat' dir='ltr'><strong>est</strong></span> <span class='ocrx_word' id='word_1_246' title='bbox 1607 3162 1772 3226; x_wconf 85' lang='lat' dir='ltr'><strong>inter</strong></span> <span class='ocrx_word' id='word_1_247' title='bbox 1810 3162 2172 3242; x_wconf 83' lang='lat' dir='ltr'><strong>ThebanOS,</strong></span> <span class='ocrx_word' id='word_1_248' title='bbox 2203 3185 2394 3249; x_wconf 90' lang='lat' dir='ltr'><strong>quem</strong></span> <span class='ocrx_word' id='word_1_249' title='bbox 2432 3162 2831 3229; x_wconf 74' lang='lat' dir='ltr'><strong>Onchestium</strong></span> 
     </span>
     <span class='ocr_line' id='line_1_29' title="bbox 718 3261 2828 3349; baseline 0.004 -26"><span class='ocrx_word' id='word_1_250' title='bbox 718 3270 923 3339; x_wconf 88' lang='lat' dir='ltr'><strong>vocat,</strong></span> <span class='ocrx_word' id='word_1_251' title='bbox 954 3261 1064 3325; x_wconf 93' lang='lat' dir='ltr'><strong>ubi</strong></span> <span class='ocrx_word' id='word_1_252' title='bbox 1095 3283 1315 3326; x_wconf 89' lang='lat' dir='ltr'><strong>necem</strong></span> <span class='ocrx_word' id='word_1_253' title='bbox 1345 3263 1486 3349; x_wconf 89' lang='lat' dir='ltr'><strong>ejus</strong></span> <span class='ocrx_word' id='word_1_254' title='bbox 1517 3274 1845 3344; x_wconf 89' lang='lat' dir='ltr'><strong>memorat,</strong></span> <span class='ocrx_word' id='word_1_255' title='bbox 1876 3264 2072 3345; x_wconf 92' lang='lat' dir='ltr'><strong>VIlI,</strong></span> <span class='ocrx_word' id='word_1_256' title='bbox 2099 3266 2267 3345; x_wconf 73' lang='lat'>467„</span> <span class='ocrx_word' id='word_1_257' title='bbox 2300 3288 2429 3329; x_wconf 91' lang='lat' dir='ltr'><strong>non</strong></span> <span class='ocrx_word' id='word_1_258' title='bbox 2457 3266 2828 3331; x_wconf 85' lang='lat' dir='ltr'><strong>miscendus</strong></span> 
     </span>
     <span class='ocr_line' id='line_1_30' title="bbox 714 3361 2829 3456; baseline 0.005 -32"><span class='ocrx_word' id='word_1_259' title='bbox 714 3361 821 3426; x_wconf 90' lang='lat' dir='ltr'><strong>ille</strong></span> <span class='ocrx_word' id='word_1_260' title='bbox 866 3385 1015 3427; x_wconf 89' lang='lat' dir='ltr'><strong>cum</strong></span> <span class='ocrx_word' id='word_1_261' title='bbox 1070 3364 1294 3451; x_wconf 87' lang='lat' dir='ltr'><strong>priore.</strong></span> <span class='ocrx_word' id='word_1_262' title='bbox 1385 3364 1709 3445; x_wconf 83' lang='lat' dir='ltr'><strong>Ceterum,</strong></span> <span class='ocrx_word' id='word_1_263' title='bbox 1747 3367 1921 3453; x_wconf 91' lang='lat' dir='ltr'><strong>quod</strong></span> <span class='ocrx_word' id='word_1_264' title='bbox 1979 3368 2160 3431; x_wconf 90' lang='lat' dir='ltr'><strong>Idam</strong></span> <span class='ocrx_word' id='word_1_265' title='bbox 2210 3378 2498 3432; x_wconf 88' lang='lat' dir='ltr'><strong>nostrum</strong></span> <span class='ocrx_word' id='word_1_266' title='bbox 2549 3368 2829 3456; x_wconf 90' lang='lat' dir='ltr'><strong>primum</strong></span> 
     </span>
     <span class='ocr_line' id='line_1_31' title="bbox 686 3456 2828 3555; baseline 0.005 -28"><span class='ocrx_word' id='word_1_267' title='bbox 686 3456 1157 3550; x_wconf 59' lang='lat' dir='ltr'><strong>&#39;Argonautam</strong></span> <span class='ocrx_word' id='word_1_268' title='bbox 1188 3467 1452 3554; x_wconf 85' lang='lat' dir='ltr'><strong>aprique</strong></span> <span class='ocrx_word' id='word_1_269' title='bbox 1484 3468 1825 3555; x_wconf 88' lang='lat' dir='ltr'><strong>Calydonii</strong></span> <span class='ocrx_word' id='word_1_270' title='bbox 1857 3478 2239 3549; x_wconf 87' lang='lat' dir='ltr'><strong>venatorem,</strong></span> <span class='ocrx_word' id='word_1_271' title='bbox 2255 3491 2403 3534; x_wconf 89' lang='lat' dir='ltr'><strong>mox</strong></span> <span class='ocrx_word' id='word_1_272' title='bbox 2433 3470 2627 3535; x_wconf 88' lang='lat' dir='ltr'><strong>etiam</strong></span> <span class='ocrx_word' id='word_1_273' title='bbox 2658 3472 2828 3537; x_wconf 92' lang='lat' dir='ltr'><strong>bello</strong></span> 
     </span>
     <span class='ocr_line' id='line_1_32' title="bbox 712 3564 2825 3654; baseline 0.005 -27"><span class='ocrx_word' id='word_1_274' title='bbox 712 3564 1019 3631; x_wconf 88' lang='lat' dir='ltr'><strong>Thebano</strong></span> <span class='ocrx_word' id='word_1_275' title='bbox 1050 3567 1411 3633; x_wconf 88' lang='lat' dir='ltr'><strong>interfuisse</strong></span> <span class='ocrx_word' id='word_1_276' title='bbox 1441 3566 1838 3650; x_wconf 88' lang='lat' dir='ltr'><strong>tradiderint,</strong></span> <span class='ocrx_word' id='word_1_277' title='bbox 1856 3572 1920 3635; x_wconf 94' lang='lat' dir='ltr'><strong>id</strong></span> <span class='ocrx_word' id='word_1_278' title='bbox 1945 3594 2074 3635; x_wconf 92' lang='lat' dir='ltr'><strong>non</strong></span> <span class='ocrx_word' id='word_1_279' title='bbox 2104 3571 2333 3635; x_wconf 88' lang='lat' dir='ltr'><strong>mirum</strong></span> <span class='ocrx_word' id='word_1_280' title='bbox 2358 3570 2649 3636; x_wconf 85' lang='lat' dir='ltr'><strong>videatur</strong></span> <span class='ocrx_word' id='word_1_281' title='bbox 2674 3572 2825 3654; x_wconf 90' lang='lat' dir='ltr'><strong>illis,</strong></span> 
     </span>
     <span class='ocr_line' id='line_1_33' title="bbox 712 3668 2822 3759; baseline 0.005 -29"><span class='ocrx_word' id='word_1_282' title='bbox 712 3668 823 3753; x_wconf 93' lang='lat' dir='ltr'><strong>qui</strong></span> <span class='ocrx_word' id='word_1_283' title='bbox 854 3668 1121 3733; x_wconf 89' lang='lat' dir='ltr'><strong>istarum</strong></span> <span class='ocrx_word' id='word_1_284' title='bbox 1153 3690 1361 3732; x_wconf 90' lang='lat' dir='ltr'><strong>rerum</strong></span> <span class='ocrx_word' id='word_1_285' title='bbox 1390 3679 1678 3757; x_wconf 87' lang='lat' dir='ltr'><strong>tempora</strong></span> <span class='ocrx_word' id='word_1_286' title='bbox 1707 3670 1964 3736; x_wconf 73' lang='lat' dir='ltr'><strong>norunt.</strong></span> <span class='ocrx_word' id='word_1_287' title='bbox 2057 3672 2404 3759; x_wconf 86' lang='lat' dir='ltr'><strong>Compares</strong></span> <span class='ocrx_word' id='word_1_288' title='bbox 2434 3694 2582 3737; x_wconf 88' lang='lat' dir='ltr'><strong>cum</strong></span> <span class='ocrx_word' id='word_1_289' title='bbox 2615 3673 2735 3754; x_wconf 84' lang='lat' dir='ltr'><strong>his,</strong></span> <span class='ocrx_word' id='word_1_290' title='bbox 2767 3677 2822 3740; x_wconf 88' lang='lat' dir='ltr'><strong>si</strong></span> 
     </span>
     <span class='ocr_line' id='line_1_34' title="bbox 710 3770 2819 3861; baseline 0.004 -29"><span class='ocrx_word' id='word_1_291' title='bbox 710 3770 909 3849; x_wconf 87' lang='lat' dir='ltr'><strong>lubet,</strong></span> <span class='ocrx_word' id='word_1_292' title='bbox 953 3770 1261 3835; x_wconf 89' lang='lat' dir='ltr'><strong>Burman.</strong></span> <span class='ocrx_word' id='word_1_293' title='bbox 1308 3771 1515 3838; x_wconf 87' lang='lat' dir='ltr'><strong>Catal.</strong></span> <span class='ocrx_word' id='word_1_294' title='bbox 1547 3775 1784 3861; x_wconf 84' lang='lat' dir='ltr'><strong>Argon.</strong></span> <span class='ocrx_word' id='word_1_295' title='bbox 1826 3797 1888 3838; x_wconf 91' lang='lat' dir='ltr'><strong>v.</strong></span> <span class='ocrx_word' id='word_1_296' title='bbox 1926 3773 2098 3840; x_wconf 82' lang='lat' dir='ltr'><strong>Idas.</strong></span> <span class='ocrx_word' id='word_1_297' title='bbox 2192 3775 2340 3855; x_wconf 90' lang='lat' dir='ltr'><strong>Hic,</strong></span> <span class='ocrx_word' id='word_1_298' title='bbox 2380 3776 2433 3840; x_wconf 89' lang='lat' dir='ltr'><strong>si</strong></span> <span class='ocrx_word' id='word_1_299' title='bbox 2481 3778 2702 3856; x_wconf 89' lang='lat' dir='ltr'><strong>erravi,</strong></span> <span class='ocrx_word' id='word_1_300' title='bbox 2753 3778 2819 3843; x_wconf 92' lang='lat' dir='ltr'><strong>in</strong></span> 
     </span>
     <span class='ocr_line' id='line_1_35' title="bbox 710 3872 1382 3937; baseline 0.006 -4"><span class='ocrx_word' id='word_1_301' title='bbox 710 3893 945 3936; x_wconf 90' lang='lat' dir='ltr'><strong>errores</strong></span> <span class='ocrx_word' id='word_1_302' title='bbox 974 3894 1078 3936; x_wconf 88' lang='lat' dir='ltr'><strong>me</strong></span> <span class='ocrx_word' id='word_1_303' title='bbox 1100 3872 1382 3937; x_wconf 86' lang='lat' dir='ltr'><strong>induxit.</strong></span> 
     </span>
    </p>
   </div>
  </div>
 </body>
</html>
