3125 5009
1049 312 1492 365 ANT1MA0111
1535 316 1735 365 vrrA.
2226 372 2233 383 ⁸
2349 299 2444 367 33

339 454 539 537 Quid,
589 458 760 546 quod
803 481 890 525 -ne
935 472 1109 527 certo
1154 472 1433 545 constat,
1469 464 1635 529 sitne
1677 466 1903 529 mirum
1946 466 2330 531 vocabulum
2380 467 2443 530 in

339 556 783 648 Etymologico
801 562 1027 629 titulus
1051 565 1370 645 carminiS,
1395 589 1476 632 an
1496 567 1574 632 ad
1601 568 1809 654 ipsum
1829 589 2080 633 versum
2105 569 2442 656 pertineat.

339 658 772 730 Incertissima
819 675 1033 731 autem
1075 668 1300 734 notitia
1341 678 1441 735 est
1485 671 1565 734 de
1614 668 2200 753 Centauromaclcia,
2243 695 2439 760 quam

335 775 556 833 nostro
595 768 885 857 assignat
925 769 1174 837 Natalis
1219 770 1471 851 Comes,
1503 772 1693 837 homo
1734 774 1798 837 in
1834 774 2109 839 citandis
2154 783 2441 841 veterum

334 867 590 956 scriptis
613 871 761 937 fidei
787 872 1338 939 sublestissimae.*
1415 873 1555 939 Hoc
1582 875 1959 964 priusquam
1982 875 2233 942 Summi
2265 876 2443 964 Hey-

333 968 422 1034 nii
445 971 743 1045 ‚doctrina
771 973 1037 1039 edoctus
1066 981 1343 1055 essem,†
1372 976 1649 1041 multum
1673 977 1979 1063 temporis
2001 977 2067 1041 in
2091 979 2439 1066 quaerendo

331 1072 442 1137 illo
483 1095 674 1161 opere
719 1097 1220 1156 consumseram,
1262 1080 1371 1143 sed
1410 1078 1574 1143 nihil
1616 1078 1863 1159 inveni3
1911 1088 1984 1143 ut
2014 1101 2185 1144 nunc
2216 1080 2436 1161 etiam,

331 1175 502 1241 unde
542 1177 699 1242 illud
743 1187 1014 1243 tractum
1055 1178 1163 1258 sit,
1203 1202 1328 1244 non
1368 1179 1637 1245 habeam
1684 1180 1911 1259 dicere.
2006 1180 2324 1246 Praeterea
2371 1182 2435 1246 in

327 1277 722 1367 Anthologia
755 1279 1090 1347 Planudea
1119 1280 1535 1369 Epigramma
1562 1290 1801 1362 exstat,
1824 1282 1997 1370 quod
2030 1282 2112 1347 ad
2133 1282 2432 1348 Vaticani

329 1378 570 1446 codicis
601 1381 793 1447 fidem
829 1382 1196 1450 Brunckius
1227 1405 1432 1472 nuper
1464 1385 1833 1451 Antimachi
1877 1386 2132 1451 nomine
2165 1385 2436 1472 inscrip-

329 1483 500 1570 sit.‡‘
571 1487 660 1551 At
707 1506 805 1551 res
851 1486 972 1551 hac
1026 1508 1153 1551 una
1201 1487 1577 1553 auctoritate
1619 1487 1862 1553 nititur.
1952 1487 2437 1575 Epigrammata

327 1587 613 1675 quidem,
639 1589 703 1654 h.
733 1611 788 1655 e.
821 1610 1019 1676 parva
1049 1586 1206 1653 varii
1236 1588 1486 1675 generis
1517 1588 1856 1677 poematia,
1888 1589 2223 1677 plerosque
2255 1589 2435 1654 Grae-

324 1712 542 1757 corum
575 1700 797 1780 poetas
827 1690 1195 1781 frequenter
1229 1691 1505 1757 edidisse
1547 1690 1804 1765 scimus,
1815 1716 1832 1772 ;
1880 1691 2249 1757 Antimachi
2282 1714 2431 1759 vero

327 1796 575 1861 nullum
606 1794 955 1882 reperimus
986 1794 1141 1860 alibi
1170 1795 1524 1874 laudatum,
1548 1816 1667 1860 nec
1700 1816 1928 1861 nomen
1960 1804 2347 1860 memoratur
2368 1793 2433 1857 in

325 1919 563 1975 eorum,
602 1898 712 1987 qui
757 1897 984 1963 talium
1027 1895 1379 1961 carminum
1425 1896 1716 1962 Coronas
1756 1903 2007 1961 nectere
2038 1895 2221 1983 primi
2252 1896 2436 1961 insti-

326 2006 613 2083 tuerunt,
659 2000 969 2093 Meleagri
1013 2008 1078 2064 et
1126 1998 1410 2087 Philippi
1439 1998 2050 2077 Thessalonicensis,
2086 1998 2431 2085 prooemiis‚

327 2100 490 2167 inter
537 2124 668 2183 eos,
710 2123 982 2190 quorum
1015 2100 1261 2166 labores
1293 2101 1721 2188 receperant.§
1814 2097 2110 2177 Carmen,
2139 2121 2222 2164 ne
2269 2100 2425 2187 quid

325 2224 481 2269 meae
516 2203 876 2272 collectioni
903 2203 1124 2269 deesse
1161 2203 1500 2282 videretur,
1530 2202 1755 2267 addidi
1796 2212 2119 2289 postremo
2154 2200 2318 2280 loc0,
2358 2210 2431 2266 ut

325 2305 545 2386 lector,
574 2315 667 2371 tot
708 2306 1002 2371 frustulis
1033 2304 1356 2393 congestis
1385 2326 1611 2391 parum
1641 2304 1935 2382 satiatus,
1980 2303 2240 2367 demum
2272 2302 2431 2395 inote-

324 2430 506 2495 grum
538 2408 798 2496 aliquod
832 2407 1116 2487 haberet,
1145 2430 1276 2495 quo
1307 2406 1592 2471 animum
1625 2416 1953 2470 recrearet.

413 2598 524 2663 Nil
579 2597 888 2664 hactenus
937 2598 1071 2663 dixi
1126 2598 1207 2662 de
1255 2596 1667 2685 grammatico
1716 2594 1931 2660 studio
1976 2596 2196 2674 nostri,
2232 2615 2423 2683 quem

324 2710 538 2765 tamen
568 2722 606 2765 a
636 2698 840 2765 Suida
869 2699 1105 2765 diserte
1139 2698 1642 2764 Grammaticum
1669 2696 1880 2761 vocari
1906 2695 2202 2760 vidimus.
2296 2693 2422 2759 Sed

323 2802 528 2891 primo
555 2824 680 2869 non
706 2824 928 2891 parum
952 2801 1150 2867 dubia
1173 2801 1311 2865 haec
1337 2800 1671 2865 videbatur
1698 2797 2065 2875 auctoritas,
2089 2795 2425 2883 cogitanti,

1901 2950 2000 2959 ———
2013 2952 2200 2958 ——--
2235 2950 2320 2957 ---

404 3027 436 3060 ··
467 3002 794 3103 Mytholog.
829 3022 969 3091 vu,
999 3026 1054 3081 4.
1087 3042 1141 3101 p.
1176 3041 1252 3079 m.
1295 3022 1433 3079 722.
1540 3016 1931 3077 Antimachus
1977 3017 2039 3073 in
2090 3014 2418 3073 centauro-

323 3118 555 3177 machia
581 3118 906 3177 Centauros
927 3116 1002 3175 ab
1025 3114 1286 3173 Hercule
1307 3113 1510 3191 pulsos
1529 3132 1559 3169 e
1590 3108 1896 3169 Thessalia
1925 3109 1986 3165 in
2009 3108 2238 3165 insulas
2266 3108 2425 3165 Sire-

323 3230 460 3269 num
489 3210 820 3289 consuyiese
843 3210 1098 3286 scripsit,
1129 3206 1228 3265 ubi
1257 3204 1527 3265 cantibus
1559 3203 1807 3263 illarum
1836 3200 2117 3257 delectati
2144 3218 2336 3257 omnes
2363 3200 2425 3255 in

323 3312 588 3381 apertam
609 3302 928 3380 perniciem
959 3301 1222 3377 fuerunt
1252 3298 1538 3356 attracti.-
1586 3294 1793 3353 deinde
1822 3291 1922 3350 ubi
1956 3292 2198 3360 Nessus,
2230 3299 2287 3348 et
2315 3290 2425 3349 alii

333 3396 617 3455 Centauri
645 3394 860 3471 sepulti
873 3394 1165 3470 fuissent,
1197 3410 1268 3447 ex
1295 3390 1370 3447 iis
1398 3386 1737 3447 vulneribus
1766 3402 1879 3442 non
1913 3383 2127 3460 procul
2152 3402 2190 3439 a
2238 3381 2423 3469 Galy-

325 3488 492 3559 done,
522 3488 583 3547 in
610 3486 780 3555 colle,
807 3486 910 3563 qui
948 3484 1277 3562 Taphossus
1289 3481 1430 3559 suit
1457 3486 1853 3555 nuncupatus,
1878 3476 2260 3551 yravissimue
2285 3475 2426 3531 odor

321 3580 404 3639 ad
430 3580 638 3639 montis
684 3578 940 3637 radicem
981 3573 1459 3655 suffundebatur,
1499 3591 1571 3630 ac
1599 3568 1735 3629 tabo
1763 3566 1951 3626 simile
1988 3566 2268 3643 quiddam
2297 3586 2421 3623 ma·
2443 3580 2455 3593 ·

325 3672 533 3745 nabat,
565 3680 630 3729 ut
659 3670 746 3729 ait
777 3668 990 3727 Strabo
1021 3667 1138 3727 IX.
1169 3671 1256 3744 (p.
1289 3666 1428 3723 427.
1460 3662 1535 3723 al.
1568 3661 1737 3732 653.)

406 3773 442 3835 1·
489 3764 562 3823 V.
591 3760 1388 3843 praestantiss.·Commentar.
1423 3754 1479 3812 in
1512 3751 1783 3832 Apollod.
1818 3771 1874 3829 p.
1905 3750 2043 3809 659.
2080 3749 2253 3807 1175.

403 3864 430 3929 1
473 3856 546 3916 V.
593 3853 831 3915 Anthol.
878 3852 980 3912 Gr.
1021 3850 1119 3911 lib.
1161 3849 1264 3908 IV.
1296 3868 1349 3907 c.
1392 3848 1482 3905 1‘2.
1515 3846 1627 3923 Ep.
1671 3844 1804 3901 104.
1842 3840 2096 3901 Brunck.
2130 3837 2422 3899 Analectt.

325 3950 528 4011 (31:512
567 3949 612 4007 1.
645 3968 700 4027 p.
741 3948 873 4005 167.
904 3956 962 4004 et
991 3942 1292 4003 Lectiones
1318 3938 1502 3997 Tomo
1533 3937 1636 3996 111.
1666 3934 2009 4013 subjunctas
2040 3952 2098 4011 p.
2130 3932 2227 3989 29.

405 4050 432 4117 ς
477 4040 550 4099 V.
583 4039 838 4099 carmina
873 4057 964 4117 ap.
1011 4032 1306 4093 Reiskium
1351 4030 1406 4087 in
1439 4030 1621 4087 Notit.
1648 4036 1799 4107 poet.
1833 4025 2051 4085 anthol.
2087 4045 2143 4103 p.
2187 4024 2324 4081 234.
2366 4032 2425 4081 et

319 4138 454 4195 267.

1527 4232 1562 4275 1²
