3125 5009
1025 365 1464 417 ANTIMACH!
1509 366 1712 417 vrrA.
2332 350 2421 419 31

316 534 392 577 eo
423 511 582 577 forte
614 512 983 580 felicissimo
1014 515 1357 605 conjectori
1385 516 1735 583 molestiam
1761 516 2062 599 creasset,
2087 540 2217 606 quo
2240 519 2430 584 modo

315 615 382 679 in
412 616 714 697 carmine,
745 616 973 705 puellae
1004 638 1138 683 suae
1179 618 1500 684 memorioe
1527 629 1919 699 consecrato,
1953 628 2083 685 tam
2114 621 2319 687 multa
2348 622 2429 687 de

316 718 836 805 Argonautarum
872 720 1276 815 expeditione
1314 742 1658 787 memorare
1701 722 2003 809 potuerit,
2037 745 2232 811 quam
2262 724 2431 813 frag-

319 830 538 887 menta
563 821 670 887 hic
703 822 1073 889 ostendunt.
1167 821 1326 889 Inde
1357 844 1540 910 porro
1565 845 1791 911 poema
1814 846 1940 891 non
1966 826 2217 913 exiguae
2242 828 2429 893 molis

316 921 514 989 fuisse
545 924 850 990 videatur.
938 924 1094 991 Tam
1129 924 1374 1012 prolixo
1403 925 1571 991 enim
1604 926 1915 1015 scriptori,
1946 936 2011 993 et
2041 927 2105 992 in
2138 928 2249 993 tali
2277 951 2431 995 con-

313 1023 480 1104 silio,
520 1024 849 1092 suffecisse
888 1026 1018 1091 duo
1064 1026 1284 1107 libros,
1324 1049 1487 1115 quos
1520 1028 1750 1095 citatos
1794 1029 2014 1117 reperi,
2062 1030 2169 1095 vix
2212 1032 2432 1097 existi-

320 1146 506 1191 mem.
563 1124 790 1208 Immo,
812 1128 864 1193 si
890 1150 926 1193 e
948 1126 1052 1193 Fr.
1085 1126 1355 1191 XXXV
1374 1150 1517 1195 vera
1537 1130 1792 1219 colligo,
1813 1129 1985 1217 operi
2006 1131 2225 1218 epicus
2250 1140 2432 1198 tenor

317 1236 456 1293 erat
501 1238 567 1294 et
602 1228 883 1317 spiritus.
973 1232 1188 1318 Atque
1231 1231 1401 1297 hunc
1439 1232 1667 1298 debuit
1706 1240 2150 1319 argumentum
2194 1232 2429 1321 ipsum,

319 1332 496 1419 quod
549 1333 908 1397 ornandum
966 1331 1088 1397 sibi
1147 1341 1487 1411 sumserat,
1543 1332 1842 1397 excitare.
1952 1331 2217 1399 Utinam
2278 1332 2430 1399 huic

319 1431 546 1497 saltem
577 1432 840 1498 carmini
867 1441 1122 1521 tempus
1150 1434 1581 1521 pepercisset3
1629 1433 1827 1521 quod,
1862 1455 1987 1499 non
2016 1434 2285 1499 dubium
2310 1442 2431 1514 est,

321 1532 482 1623 quin
533 1532 900 1601 Latinorum
944 1534 1406 1623 Elegographi,
1449 1534 1822 1622 Propertius
1866 1535 2207 1623 praecipue,
2247 1536 2361 1624 qui
2395 1558 2433 1601 a

324 1634 572 1702 Graecis
609 1636 794 1704 unice
836 1638 1094 1725 pendet,
1129 1638 1480 1703 studiosius
1512 1636 1804 1725 legerint,
1833 1648 1901 1703 et
1932 1638 2167 1725 passim
2202 1637 2265 1701 in
2298 1639 2432 1704 suis

321 1740 766 1827 expresserint.
857 1738 984 1806 Sed
1013 1751 1280 1821 mature,
1315 1739 1529 1804 nescio
1560 1761 1694 1827 quo
1717 1738 1925 1819 modo,
1950 1738 2106 1803 illud
2137 1739 2204 1804 in
2226 1740 2432 1827 epito-

321 1862 464 1905 men
499 1842 742 1929 redegit
771 1841 1284 1931 Agatharchides
1316 1840 1659 1920 Cnidius‚*
1680 1862 1811 1929 quo
1839 1840 2006 1907 facto
2031 1841 2238 1907 forsan
2264 1842 2434 1907 acci-

321 1943 440 2023 dit,
471 1952 546 2009 ut
571 1952 637 2009 et
663 1954 868 2033 poetae
904 1966 1088 2033 opus,
1124 1954 1188 2009 et
1225 1942 1643 2009 Grammatici
1684 1943 2001 2030 epitomen
2038 1943 2261 2009 eadem
2296 1966 2433 2009 sors

321 2047 677 2114 abstulerit.

409 2150 570 2215 Hoec
611 2148 871 2239 quidem
913 2149 994 2215 de
1023 2148 1275 2215 duobus
1313 2156 1519 2235 poetae
1555 2146 2013 2212 laudatissimis
2044 2147 2433 2212 carminibus

321 2252 654 2341 disputata
673 2251 1016 2317 sufficiant.
1091 2249 1236 2315 Jam
1261 2250 1342 2315 de
1365 2248 1629 2337 reliquis
1655 2248 1929 2315 breviter
1944 2248 2063 2313 erit
2086 2248 2432 2337 agendum,

323 2377 470 2443 quoe
512 2354 744 2441 partim
781 2353 1164 2433 obscuriore,
1208 2352 1438 2440 partim
1487 2351 1675 2416 etiam
1715 2350 1913 2415 dubia
1944 2350 2115 2415 fama
2144 2350 2436 2415 innotue-

323 2464 491 2523 runt.
583 2456 682 2523 Ex
715 2456 814 2521 his
845 2456 1124 2521 sufficiat
1152 2453 1341 2519 verbo
1366 2452 1661 2541 attigisse
1696 2450 2013 2539 Lysandri
2044 2450 2432 2529 Encomium,

322 2559 511 2648 cujus
541 2558 920 2625 memoriam·
942 2556 1330 2622 Plutarchus
1362 2554 1706 2624 servavit.†
1800 2553 1863 2618 Is
1894 2554 2061 2618 enim
2096 2562 2326 2632 narrat,
2349 2554 2431 2619 ad

325 2660 766 2748 imperatorem
809 2659 1012 2740 illum,
1065 2679 1273 2725 rerum
1328 2666 1648 2745 gestarum
1703 2652 1906 2743 gloria
1965 2654 2117 2719 mire
2170 2654 2431 2733 elatum,

327 2761 616 2851 undique
634 2760 980 2827 accessisse
998 2760 1190 2825 variis
1217 2759 1424 2825 modis
1446 2757 1810 2836 adulantes,
1836 2755 2032 2843 inque
2057 2754 2159 2820 his
2182 2763 2433 2842 poetam
2456 2840 2463 2847 ι

328 2862 798 2953 Colophonium
831 2872 902 2929 et
935 2861 1302 2929 Niceratum
1337 2860 1661 2949 quendam
1695 2856 2137 2921 Heracleotcm
2180 2877 2436 2922 concer-

330 2966 504 3033 tasse
555 2964 970 3045 carminibus,
1025 2964 1090 3029 in
1142 2963 1398 3028 laudem
1457 2961 1601 3048 ejus
1652 2958 2046 3047 compositis.
2140 2957 2437 3023 Nicerato

420 3256 452 3291 ⁸
485 3254 654 3315 Phot.
685 3250 958 3312 Biblioth.
992 3248 1144 3309 Cod.
1176 3246 1452 3308 CCXIII.
1483 3264 1540 3323 p.
1565 3246 1707 3303 547.
1729 3243 1869 3305 edit.
1904 3244 2073 3303 1653.
2148 3242 2429 3320 Agathar-

338 3347 541 3409 chides
587 3344 692 3423 (al.
725 3341 1160 3421 Agatharchus)
1203 3350 1376 3399 notus
1413 3337 1509 3397 ille
1537 3347 1740 3398 auctor
1762 3346 1874 3406 est,
1905 3334 2207 3395 Ptolemaei
2240 3334 2438 3395 Philo-

341 3439 570 3501 metoris
599 3456 725 3497 oevo
749 3436 961 3509 clarus,
984 3434 1154 3513 cujus
1183 3429 1465 3491 nonnulla
1497 3429 1668 3489 hodie
1710 3428 1989 3500 feruntur,
2029 3446 2129 3506 per
2164 3426 2439 3487 Photium

335 3544 578 3595 ”Nata-

421 3634 458 3699 †
501 3625 620 3685 Vit.
675 3619 920 3703 Lysand.
969 3639 1026 3698 p.
1073 3602 1212 3677 443.
1260 3615 1328 3675 C.
1409 3615 1760 3693 Ἀντιμάχου
1804 3620 1899 3673 τοῦ
1945 3610 2308 3691 Κολοφωνίου
2351 3615 2439 3671 καὶ

343 3720 650 3798 Νικηράτου
687 3716 839 3783 τινὸς
873 3713 1256 3791 Ἡρακλεώτου
1291 3711 1563 3788 ποιήμασι
1593 3703 1915 3782 Λυσανδρία
1946 3701 2443 3780 διαγωνισαμένων

341 3814 422 3877 ἔπ’
459 3814 629 3891 αὐτῷ,
671 3810 770 3869 τὸν
807 3808 1116 3885 Νικήρατον
1153 3802 1552 3881 ἐστεφάνωσεν·
1590 3800 1621 3855 ὁ
1666 3795 1723 3855 δὲ
1752 3796 2097 3875 Ἀντίμαχος
2132 3790 2445 3871 ἀχθεσθεὶς

341 3908 576 3987 ἠφάνισε
604 3904 666 3963 τὸ
694 3906 925 3979 ποίημα.
1015 3895 1258 3954 Πλάτων
1298 3890 1356 3951 δὲ
1395 3894 1516 3959 νέος
1557 3892 1637 3949 ὢν
1674 3890 1815 3957 τότε,
1859 3890 1947 3948 καὶ
1992 3884 2305 3965 Θαυμάζων
2346 3886 2445 3945 τὸν

341 4000 689 4077 Ἀντίμαχον
717 3994 805 4053 ἐπὶ
835 3996 900 4071 τῇ
927 3989 1199 4066 ποιητικῇ,
1226 3982 1442 4061 βαρέως
1468 3986 1705 4062 φέροντα
1734 3983 1835 4051 τὴν
1861 3976 2055 4051 ἧτταν,
2076 3974 2445 4055 ἀνελάμβανε

343 4096 430 4153 καὶ
466 4084 856 4167 παρεμυθεῖτο,
893 4090 1007 4148 τοῖς
1045 4082 1318 4154 ἀγνοοῦσι
1362 4074 1528 4135 κακὸν
1568 4069 1710 4131 εἶναι
1754 4072 1996 4151 φάμενος
2043 4073 2144 4139 τὴν
2181 4068 2445 4141 ἄγνοιαν,

345 4190 528 4259 ὥσπερ
555 4183 655 4251 τὴν
683 4178 990 4259 τυφλότητα
1015 4180 1128 4237 τοῖς
1153 4172 1229 4248 μὴ
1255 4166 1583 4243 βλέπουσιν.
