3125 5009
1212 376 1557 426 THEBAls.
2343 357 2430 425 71

329 510 597 580 Porsoni
645 527 861 584 notam
910 523 992 587 ad
1040 522 1289 589 Hecub.
1338 527 1402 590 2.
1453 526 1578 589 Ed.
1623 528 1684 590 3.
1776 524 2016 591 Confer
2063 524 2439 589 Ruhnkenii

324 625 543 682 notam
588 620 670 684 ad
714 621 1256 690 Hermesianactis
1305 628 1493 714 Eleg.
1533 652 1594 691 v,
1641 630 1702 693 2.
1745 628 1856 693 ubi
1894 649 2098 694 errore
2138 638 2442 715 typogra-

323 719 517 806 phico
546 723 757 789 editur
780 724 969 793 νῖσθα
999 749 1113 814 pro
1143 726 1581 794 οἶσθα.-ΒΙ..

1290 991 1479 1058 XIV.

826 1206 941 1217 ·—
979 1156 1159 1265 drot?
1200 1156 1585 1269 αἷμφιθέτον
1625 1157 1963 1255 κελέβειον
2004 1162 2264 1254 {abun-ec

483 1262 864 1376 Ἔμπλειον
901 1266 1204 1379 μέλιτος,
1250 1269 1330 1351 τδ
1367 1270 1454 1387 ῥά
1490 1274 1550 1353 οἷ
1588 1269 2109 1381 προφερέστερον
2150 1272 2273 1370 εἴη.

323 1448 603 1515 ΙΒιυΕΜ
646 1474 749 1539 ap.
794 1453 1031 1519 Athen.
1072 1455 1451 1541 Ἀμφίθετος
1498 1454 1790 1521 similiter
1835 1458 2165 1544 epitheton
2207 1459 2441 1547 φιάλης

322 1560 422 1615 est
450 1574 553 1639 ap.
589 1552 778 1619 Hom.
800 1555 876 1620 11.
906 1560 975 1643 ψ.
1006 1556 1155 1621 270.
1176 1568 1239 1621 et
1270 1556 1421 1622 616.
1450 1558 1534 1622 ad
1568 1581 1732 1645 quos
1761 1559 1934 1625 locos
1960 1584 2017 1625 v.
2048 1561 2437 1627 Athenaeum

323 1651 446 1717 XI.
478 1677 543 1742 p.
575 1657 723 1721 501.
768 1657 879 1722 ubi
920 1658 1114 1724 variae
1157 1658 1738 1725 Grammaticorum
1786 1663 2246 1749 explicationes
2288 1663 2443 1728 affe-

326 1766 574 1823 runtur.

1310 1938 1459 2002 XV.

498 2099 717 2178 Πᾶσιν
758 2094 819 2177 δ’
858 2098 1287 2242 ἦγεέιόνεσσιν
1329 2100 1721 2211 ἔπιχόμενοι
1763 2100 2032 2207 κήρυκες

497 2206 767 2315 Χρύσεα
805 2233 1004 2290 καλα
1043 2210 1381 2293 κύπελλα
1422 2210 1813 2321 τετυγμένα
1853 2212 2266 2322 νωμήσαντο.

325 2392 603 2457 ΑΤΗΕΝ.
639 2391 760 2458 XI.
790 2417 854 2482 p.
884 2395 1035 2459 482.
1095 2393 1171 2459 F.
1204 2396 1284 2460 de
1316 2397 1609 2484 κυπέλλῳ
1623 2392 2009 2483 disputans:
2053 2397 2444 2485 Ἀντίμαχος

322 2499 388 2561 ἐν
424 2498 679 2582 πέμπτῳ
710 2494 1063 2582 Θηβαΐδος·
1155 2502 1361 2564 Πᾶσιν
1392 2529 1445 2565 κ.
1475 2498 1542 2565 λ.
1639 2497 1766 2562 Pro
1797 2502 1962 2586 ἐπιχ.
1995 2498 2039 2563 f.
2084 2521 2246 2564 corr.
2280 2503 2447 2566 ἐποι-

328 2602 604 2685 χομένοι.
689 2597 909 2663 Altero
934 2620 1118 2681 yersu
1148 2599 1578 2685 epithetorum
1607 2600 1857 2687 copiam
1888 2598 2082 2663 nullis
2113 2600 2444 2686 particulis

315 2699 615 2785 junctam
671 2709 976 2779 notarem,
1036 2700 1161 2765 nisi
1214 2700 1282 2764 id
1354 2701 1421 2765 in
1482 2700 1728 2765 Graecis
1789 2700 2193 2765 tritissimum
2252 2710 2440 2767 esset·

329 2801 637 2890 Epitheta
676 2801 891 2867 omnia
934 2824 1017 2867 ex
1058 2801 1338 2867 Homero
1378 2812 1551 2867 sunt.
1646 2801 1731 2867 N.
1779 2802 2010 2867 Liiensi
2049 2804 2094 2867 l.
2128 2825 2182 2867 c.
2219 2798 2445 2868 'versus

326 2903 483 2971 dicti
523 2906 907 2971 videbantur
955 2905 1035 2970 de
1085 2904 1534 2972 distributione
1572 2905 1980 2992 praemiorum
2034 2904 2335 2987 ducibus,
2375 2904 2444 2968 in

329 3007 701 3072 Archemori
747 3005 1119 3073 funebribus
1166 3007 1379 3088 facta3
1442 3005 1573 3073 Sed
1628 3007 1696 3071 in
1747 3006 1966 3071 eodem
2019 3006 2184 3070 libro
2231 3005 2445 3068 adhuc

331 3109 395 3174 in
429 3111 688 3177 Adrasti
720 3110 967 3175 aedibus
998 3111 1230 3175 versari
1262 3110 1582 3175 videntur.

1303 3378 1487 3443 XVI.

556 3573 699 3661 ‘04-
739 3566 1248 3663 ἓπαπειλῆτην,
1292 3563 1529 3682 ὥσπερ
1575 3558 1977 3644 Καυκωνῖὃα
2021 3561 2250 3671 Δύμην

560 3676 983 3787 Ἐπραθὲτην
1015 3676 1372 3759 παίδεσσιν
1411 3677 1701 3757 Ἐπειὶὂν
1734 3673 2148 3779 οἷρχεύοντες.

338 3894 509 3959 ΠΕΟ
538 3916 619 3958 ex
652 3887 1024 3957 Antimachi
1051 3884 1381 3951 Thebaide
1421 3883 1723 3948 excitavit
1750 3880 1984 3949 Tzetza
2019 3880 2100 3945 ad
2135 3880 2451 3968 Lycophr‚

342 4021 401 4061 v.
435 3997 580 4061 591.
613 4004 677 4060 et
705 3992 1043 4079 scriptores
1070 3989 1310 4075 plures,
1342 4006 1616 4074 quorum
1647 3985 1819 4048 locos
1849 3983 2082 4069 partim
2113 3983 2356 4048 Potter.
2386 3982 2454 4045 in

338 4107 493 4165 nota
520 4098 785 4171 indicat,
816 4116 892 4167 ea
920 4093 990 4156 in
1019 4098 1232 4156 mente
1260 4089 1643 4154 habuerunt.
1735 4082 1965 4150 Strabo
1987 4084 2182 4149 VIII.
2210 4108 2276 4172 p.
2304 4084 2453 4147 387.

340 4200 553 4282 (594.)
598 4197 869 4286 Ἐφεξῆς
901 4194 955 4262 δ’
986 4199 1155 4261 ἐστὶν
1197 4196 1234 4269 ἡ
1281 4194 1483 4276 Δύμη,
1512 4187 1707 4264 πόλις
1749 4187 2074 4273 ἀλίμενος,
2107 4192 2331 4253 πασῶν
2360 4186 2456 4265 (in
