3125 5009
717 289 813 355 22
1324 302 1769 351 ANTiMAcm
1813 298 2215 357 naucum.

717 461 1168 542 argumentum
1193 475 1342 519 cum
1375 452 1518 518 aliis
1548 452 1615 519 in
1646 451 1869 517 eodem
1895 469 2121 536 genere
2152 444 2374 532 poetis,
2394 452 2531 509 tum
2560 442 2819 531 tragicis

718 553 1042 639 praecipue
1081 553 1466 621 celebratum
1517 552 1882 639 reperimus.
1978 547 2311 637 Θηβαΐδος
2348 548 2537 613 titulo
2565 569 2817 611 carmen

717 665 1086 721 constanter
1135 656 1216 720 ab
1267 656 1564 721 omnibus
1611 655 1830 736 fertur,
1877 676 2003 719 non
2060 650 2429 741 Θηβαῖκῶν,
2481 673 2629 737 quae
2665 648 2818 713 alibi

718 758 1035 845 ejusmodi
1064 781 1326 845 operum
1359 758 1689 846 inscriptio
1719 778 1859 821 esse
1882 756 2112 821 soletst*
2206 754 2517 818 Primaria
2538 775 2683 817 vero
2715 754 2818 819 hic

719 860 999 925 occurrit
1071 861 1346 949 quaestio
1406 860 1570 939 haee,
1629 869 1841 924 utrum
1901 860 2179 947 primum
2239 866 2493 922 tantum
2558 856 2823 935 bellum,

724 961 997 1027 Adrasto
1031 963 1196 1027 duce
1232 984 1381 1028 curn
1420 962 1745 1027 Thebanis
1786 971 2057 1048 gestum,
2086 982 2161 1025 eo
2202 981 2387 1046 opere
2422 959 2824 1047 pertexuerit,

718 1086 802 1127 an
849 1063 1120 1129 alterum
1159 1087 1443 1153 quoque,
1483 1063 1659 1151 quod
1710 1064 2147 1151 Epigonorum
2194 1061 2513 1149 appellare
2546 1061 2823 1138 solent.†

721 1166 824 1231 De
874 1189 1008 1254 qua
1047 1167 1310 1254 quidem
1357 1190 1423 1231 re
1471 1166 1790 1230 neminem
1832 1164 2067 1245 inveni,
2108 1164 2220 1251 qui
2267 1163 2655 1252 quaesiverit,
2685 1173 2820 1243 aut,

717 1268 876 1355 quid
916 1268 1311 1354 probabilius
1352 1272 1501 1358 poni
1544 1268 1796 1346 debeat,
1829 1277 2111 1333 veterum
2151 1265 2310 1330 locis
2350 1262 2819 1331 demonstrarit.

721 1368 1012 1433 Innuunt
1043 1369 1298 1456 plurimi
1331 1372 1615 1459 quidem,
1647 1371 1826 1458 prius
1854 1379 1919 1434 et
1949 1368 2276 1456 antiquius
2308 1368 2545 1432 bellum
2576 1366 2661 1431 ab
2686 1368 2823 1431 An-

719 1472 1001 1539 timacho
1031 1474 1153 1539 hoc
1183 1486 1472 1561 poemate
1500 1476 1853 1553 conditum,
1882 1472 1990 1537 alii
2014 1466 2187 1538 certo
2218 1470 2663 1559 pronunciant,
2686 1471 2821 1550 sed,

721 1585 795 1638 ut
834 1598 960 1640 non
1003 1599 1142 1641 raro
1185 1578 1250 1639 in
1281 1577 1396 1663 ‘his
1436 1579 1625 1642 rebus
1665 1578 1762 1655 fit,
1805 1576 2104 1663 opinione
2149 1574 2429 1663 quadam
2468 1573 2821 1639 rationibus

720 1677 854 1741 suis
883 1677 1210 1742 destituta.
1299 1678 1446 1743 Jam
1488 1701 1635 1766 quae
1674 1678 1827 1742 alibi
1859 1678 1925 1741 in
1956 1677 2072 1741 tali
2115 1700 2178 1741 re
2212 1675 2535 1741 dubitanti
2564 1692 2822 1741 succur-

720 1789 890 1858 runt,
921 1780 1026 1844 hic
1057 1782 1358 1867 pleraque
1389 1781 1609 1846 deesse
1634 1780 1879 1845 videas.
1970 1780 2137 1843 Nam
2168 1800 2379 1867 neque
2410 1778 2818 1865 antiquorum

717 1881 972 1968 aliquiS,
1003 1904 1218 1947 eorum
1250 1892 1442 1962 certe,
1476 1883 1589 1971 qui
1632 1906 1671 1947 a
1706 1905 1809 1947 me
1838 1881 2115 1949 consulti
2155 1892 2327 1961 sunt,
2354 1880 2821 1945 dubitationem

716 2005 856 2047 eam
888 1984 1124 2062 tollere,
1159 2006 1370 2072 neque
1400 2006 1480 2049 ex
1517 1986 1681 2072 ipsis
1708 1985 2102 2072 fragmentiS,
2133 2008 2280 2072 quae
2312 1984 2395 2048 ad
2427 1983 2821 2049 Thebaidem

718 2085 1057 2169 pertinent,
1088 2086 1355 2174 aliquid,
1392 2088 1564 2174 quod
1606 2087 1736 2152 veri
1779 2088 2058 2174 speciem
2100 2086 2357 2165 habeat,
2400 2086 2544 2151 elici
2587 2096 2819 2173 potest.

720 2185 889 2250 Cum
922 2188 1090 2252 enim
1133 2188 1298 2254 inter
1335 2189 1476 2254 haec
1522 2199 1858 2255 occurrant
1897 2192 2102 2277 plura,
2132 2189 2213 2254 ad
2262 2190 2537 2276 primum
2582 2190 2821 2257 bellum

716 2298 930 2375 aperte
960 2292 1337 2377 spectantia,
1367 2293 1451 2357 ad
1482 2292 1656 2379 quod
1692 2292 2011 2357 dubitatio
2040 2313 2167 2356 non
2206 2292 2522 2379 pertinet3
2570 2293 2819 2357 nullum

714 2398 936 2454 contra
976 2391 1178 2474 adest,
1219 2395 1395 2480 quod
1435 2394 1515 2458 de
1555 2395 1755 2459 altero
1793 2394 2228 2483 quaerentibus
2270 2394 2642 2460 satisfaciat.
2728 2396 2818 2460 At

713 2490 846 2554 duo
890 2491 1012 2555 loci
1066 2503 1234 2573 sunt,
1291 2495 1403 2582 qui
1445 2498 1820 2584 scrupulum
1873 2496 2141 2561 evellere
2192 2496 2385 2560 alicui
2444 2496 2814 2561 videantur:

709 2592 870 2657 alter
913 2593 1043 2674 ille,
1084 2596 1200 2683 qui
1252 2596 1574 2663 Achillem
1625 2598 1689 2662 in
1736 2608 1906 2663 terra
1949 2598 2227 2684 Trojana
2274 2598 2420 2662 navi
2466 2620 2815 2685 egressum,

709 2695 888 2774 alter,
941 2697 1054 2785 qui
1111 2699 1495 2766 Diomedem
1541 2703 1915 2790 loquentem
1967 2688 2283 2789 inducit.‡
2386 2702 2512 2767 Sed
2566 2726 2644 2767 ex
2694 2704 2816 2770 hoc

707 2796 848 2861 loco
868 2798 1029 2863 nihil
1062 2810 1200 2866 tuto
1231 2802 1420 2881 trahi,
1453 2803 1615 2866 infra
1645 2804 2002 2870 ostendam.
2081 2804 2315 2893 Neque
2342 2806 2503 2872 alter
2523 2806 2669 2870 talis
2693 2817 2815 2887 est,

708 2898 869 2983 quin
898 2900 978 2964 de
1007 2924 1081 2965 eo
1109 2903 1281 2968 ultro
1311 2904 1601 2991 citroque
1630 2906 1945 2993 disputari
1976 2907 2185 2972 liceat.
2277 2907 2449 2972 Mira
2479 2908 2724 2995 utique,
2747 2908 2814 2972 in

707 3000 1006 3081 carmine,
1039 3003 1212 3089 quod
1246 3006 1522 3093 primum
1553 3007 2007 3073 Thebanorum
2036 3009 2300 3091 bellum,
2336 3010 2401 3074 h.
2423 3032 2478 3075 e.
2507 3033 2605 3076 res
2634 3034 2816 3098 paene

789 3276 822 3309 ³*
865 3276 945 3335 Ut
975 3277 1438 3357 Ἀργοναυτικῶν,
1471 3289 1869 3343 Ναυπακτικῶν
1896 3283 2061 3344 simil.

786 3378 822 3439 †
869 3367 1182 3448 Utriusque
1210 3371 1344 3430 belli
1373 3392 1549 3451 parvo
1579 3374 1878 3435 intervallo
1901 3378 2173 3456 temporis
2195 3380 2338 3455 gesti
2357 3380 2620 3440 historias
2642 3402 2810 3442 nemo

702 3456 796 3516 hic
825 3459 1122 3537 expositas
1151 3475 1466 3542 exspectet.
1501 3487 1553 3525 v.
1586 3467 1922 3546 Apollodor.
1953 3470 2057 3530 111.
2086 3472 2143 3529 6.
2176 3490 2265 3549 sq.
2294 3472 2534 3533 Diodor.
2558 3474 2677 3535 Sic.
2704 3474 2839 3536 1V.·

705 3552 806 3609 65.
836 3549 926 3608 vel
959 3552 1180 3631 Hygin.
1212 3555 1280 3613 F.
1312 3560 1411 3616 70.
1441 3578 1530 3636 sq.

784 3651 810 3713 1
856 3642 931 3700 V.
975 3644 1208 3723 Fragm.
1257 3650 1450 3708 XXII.
1495 3650 1616 3709 LlI.
1657 3651 2039 3711 Posteriorem
2076 3674 2298 3715 versum
2339 3657 2413 3717 de
2448 3659 2734 3721 Diomede
2761 3662 2810 3722 si

700 3734 831 3811 quis
852 3733 928 3793 ad
957 3756 1186 3797 carmen
1218 3740 1292 3799 de
1326 3741 1627 3820 EpigoniS,
1656 3763 1901 3823 quorum
1934 3766 2081 3806 unus
2111 3748 2294 3827 Tydei
2324 3750 2476 3809 filius
2507 3751 2636 3825 fuit,
2666 3755 2807 3815 rele-

701 3844 836 3902 gare
866 3827 1131 3902 voluerit,
1159 3831 1268 3891 hac
1300 3852 1478 3893 causa
1507 3844 1719 3908 motus,
1751 3836 1908 3914 quod
1938 3837 1996 3896 in
2026 3838 2284 3917 elegiaco
2313 3855 2578 3920 poemate
2606 3846 2809 3908 heroes

700 3916 1003 3995 loquentes
1033 3920 1123 3979 vix
1156 3922 1346 3983 facere
1375 3927 1625 4002 potuerit
1654 3938 1848 4005 poeta,
1877 3950 1947 3989 ea
1974 3951 2152 3991 causa
2180 3932 2421 3994 debilior
2448 3947 2554 3997 est.
2646 3940 2805 4009 Quid

698 4010 872 4158 eikijim,
902 4010 1212 4161 sibfecerit?
1266 4036 1319 4076 v.
1355 4018 1450 4076 Fr.
1486 4020 1739 4079 XXXV.
1781 4032 1839 4081 et
1866 4042 1999 4101 quae
2040 4023 2113 4083 de
2146 4035 2343 4087 tenore
2383 4028 2566 4109 Lydes
2592 4031 2803 4095 deinde

700 4121 734 4159 o
778 4121 939 4161 serva
979 4124 1031 4162 ο.
