3125 5009
1069 338 1513 395 ANTmAcffl
1552 342 1754 393 vm.
2364 323 2463 393 35

359 475 586 544 harum
622 481 979 550 litterarum.
1006 484 1171 553 inter
1201 488 1427 555 Gallos
1467 490 1747 573 statoris,
1781 491 2019 570 labore,
2055 513 2246 579 quem
2277 492 2463 557 avide

356 583 592 648 eruditi
623 597 1019 674 exspectant,
1047 590 1240 657 unice
1266 592 1381 657 lux
1412 595 1863 680 exspectanda.

438 687 654 773 Atque
697 688 820 770 his,
861 713 1008 779 ques
1038 692 1119 758 de
1157 694 1290 759 vita
1320 695 1753 783 operibusque
1786 695 2157 761 Antimachi
2204 718 2243 761 a
2274 697 2460 763 nobis

350 785 528 851 dicta
558 798 730 868 suut,
759 792 971 858 officio
1000 802 1216 859 nostro
1245 795 1637 863 satisfecisse
1669 798 1867 863 videri
1897 798 2235 884 possimus.
2306 798 2462 865 Ete-

349 888 483 953 nim
530 900 605 955 ut
649 892 731 957 de
775 892 1033 982 ingenio
1079 895 1297 978 simul,
1337 898 1810 988 virtutibusque
1850 901 1990 986 ejus
2035 900 2134 965 vel
2168 899 2339 964 vitiis
2371 901 2462 966 lo-

349 1014 645 1077 quamur,
684 995 792 1059 vix
838 998 1238 1083 exspectabit
1277 1000 1534 1087 aliquiS,
1575 1024 1724 1067 cum
1758 1002 2035 1067 frustula
2071 1013 2136 1068 et
2165 1016 2461 1076 ramenta

350 1115 609 1179 operum
639 1098 1010 1186 conquirere
1043 1099 1314 1181 licuerit,
1345 1124 1470 1167 non
1503 1104 1823 1191 integrum
1853 1126 2107 1169 carmen
2130 1106 2454 1172 exhibere.

353 1196 545 1273 Quod
587 1200 640 1264 si
681 1200 895 1266 adhuc
929 1202 1112 1267 nobis
1143 1214 1527 1291 superesset,
1559 1206 1738 1293 larga
1766 1207 1987 1289 procul
2018 1207 2216 1272 dubio
2246 1208 2325 1273 de
2355 1207 2458 1273 his

348 1299 640 1365 materies
669 1312 836 1367 esset
859 1303 1134 1370 dicendi.
1226 1303 1287 1368 N
1293 1327 1417 1370 unc
1441 1316 1662 1371 contra
1687 1307 1852 1372 male
1876 1306 2075 1370 otium
2096 1307 2459 1387 collocares,

349 1400 406 1463 si
437 1401 674 1467 talibus
706 1405 992 1493 reliquiis
1022 1407 1106 1471 ad
1139 1407 1463 1493 judicium
1493 1408 1575 1473 de
1605 1419 1864 1473 auctore
1891 1408 2220 1473 ferendum
2265 1410 2458 1475 velles

345 1502 549 1567 abuti.
642 1505 945 1572 Attamen
987 1510 1084 1573 vel
1127 1508 1220 1575 sic
1249 1532 1376 1577 non
1407 1510 1635 1575 inutile
1660 1510 1803 1589 erit,
1836 1521 2115 1575 veterum
2150 1533 2455 1576 censuras

347 1613 413 1670 et
433 1608 780 1674 sententias
810 1611 890 1674 de
914 1609 1282 1677 Antimachi
1306 1612 1697 1677 carminibus
1723 1612 2039 1699 persequi,
2063 1611 2457 1699 interpositis

349 1707 500 1772 hinc
533 1709 680 1775 inde
710 1712 1057 1794 nonnullis,
1090 1737 1238 1801 quae
1265 1713 1516 1781 illorum
1545 1714 1879 1780 historiam
1897 1723 1961 1779 et
1984 1714 2117 1777 fata
2139 1714 2457 1781 illustrare

345 1811 612 1897 possint.

433 1913 568 1977 Ista
609 1923 820 1979 autem
853 1917 1104 2003 judicia
1143 1919 1225 1983 de
1261 1928 1465 2007 poetae
1507 1918 1765 2005 ingenio
1804 1926 1868 1983 et
1907 1926 2062 1997 arte,
2111 1926 2183 1982 ut
2218 1917 2286 1981 in
2334 1918 2455 1985 hoc

344 2035 570 2101 genere
599 2017 858 2097 assoht,
887 2019 1080 2083 variis
1113 2020 1414 2085 aetatibus
1441 2020 1618 2085 varia
1648 2019 1847 2084 fuisse
1877 2018 2246 2106 reperimus.
2338 2018 2455 2083 Ni-

343 2117 569 2181 mirum
611 2119 754 2204 jam
799 2120 867 2183 in
912 2121 1347 2209 superioribus
1383 2122 1701 2187 monitum
1730 2129 1848 2201 est,
1879 2121 2041 2184 citra
2070 2120 2455 2185 Alexandri-

344 2240 567 2285 norum
587 2223 878 2287 seculum
899 2222 1125 2312 utique
1143 2222 1515 2291 Antimachi
1540 2244 1798 2288 carmen
1826 2222 1906 2287 de
1929 2222 2099 2287 bello
2124 2222 2455 2302 Thebano,

341 2322 585 2408 cyclico
613 2322 706 2387 illi
737 2324 1064 2390 vetustiori
1103 2326 1303 2391 videri
1350 2325 1811 2413 posthabitum.
1904 2324 2070 2403 Hoc,
2100 2324 2277 2411 quod
2307 2346 2454 2411 pro-

342 2424 536 2490 babili
583 2426 953 2513 conjectura
997 2428 1085 2493 ibi
1124 2428 1481 2515 posuimus,
1513 2428 1653 2515 ipse
1686 2427 1914 2493 Cicero
1943 2426 2195 2491 videtur
2223 2429 2453 2492 confir-

342 2549 510 2593 mare
549 2528 653 2608 iis,
692 2551 840 2616 quae
880 2529 961 2594 de
1000 2530 1280 2595 carmine
1324 2530 1611 2616 quodam
1659 2530 1862 2594 nostri
1916 2530 2000 2593 ab
2047 2530 2450 2596 auditoribus

343 2638 472 2694 tam
523 2630 753 2719 frigide
795 2640 1058 2719 accepto
1094 2630 1313 2714 habet,
1355 2632 1495 2696 loco
1534 2632 1756 2695 statim
1787 2630 1869 2695 ad
1906 2629 2292 2717 principium
2338 2632 2453 2695 ad-

340 2732 593 2819 scripto,
685 2732 854 2798 Nam
886 2736 968 2799 de
996 2734 1174 2799 nullo
1201 2734 1326 2799 alio
1345 2741 1633 2820 poemate
1655 2755 1950 2820 magnum
1978 2732 2147 2797 illud
2170 2734 2455 2799 volumen

345 2834 672 2901 Ciceronis
708 2836 946 2924 aptius,
993 2858 1190 2925 quam
1231 2836 1312 2902 de
1343 2834 1697 2915 Thebaide,
1728 2836 1996 2922 intelligi
2040 2836 2296 2922 poterit,
2336 2858 2453 2902 nec

281 2966 290 2973 ·
342 2936 526 3001 aliter
573 2937 798 3025 optimi
849 2938 1228 3026 interpretes
1284 2946 1687 3026 acceperunt.
1807 2935 2049 3000 Verum
2106 2936 2449 3017 enimvero,
2500 2932 2503 2935 ’

340 3040 516 3126 quod
563 3040 878 3126 legentem
918 3050 1073 3105 tunc
1128 3040 1458 3128 reliquisse
1498 3040 1812 3118 feruntur,
1853 3038 2120 3102 Platone
2165 3047 2452 3129 excepto,

343 3162 588 3224 omnes,
621 3164 701 3208 ex
734 3143 858 3207 hoc
888 3164 1074 3208 nemo
1103 3142 1347 3230 sequior
1377 3141 1499 3207 sibi
1533 3149 1749 3207 sumat
1762 3141 1899 3227 jus,
1929 3148 2003 3203 ut
2032 3148 2237 3226 poetae
2266 3141 2455 3205 meri-

345 3252 482 3308 tum
513 3253 848 3333 artemque
877 3244 1212 3332 deprimat.
1304 3244 1482 3309 Bene
1509 3242 1681 3308 enim
1711 3242 1961 3307 dudum
1992 3240 2220 3306 Cicero
2248 3242 2453 3307 anim-

348 3345 645 3427 advertit,
693 3368 922 3435 poema
959 3345 1362 3413 reconditum
1409 3366 1542 3411 non
1587 3364 1919 3409 assensum
1968 3341 2146 3429 vulgi
2194 3364 2449 3409 movere

343 3470 555 3535 posse,
583 3459 649 3515 et
677 3449 834 3515 satis
863 3471 1026 3535 esse,
1051 3449 1104 3514 si
1135 3447 1544 3536 paucioribus
1566 3445 1975 3533 approbetur.
2066 3443 2271 3508 Immo
2294 3444 2451 3510 assi-

343 3550 556 3615 duitas
588 3550 907 3633 Platonis,
956 3573 1145 3639 quem
1179 3571 1378 3615 unum
1406 3548 1611 3613 instar
1636 3545 1923 3613 omnium
1954 3543 2231 3609 millium
2260 3544 2477 3613 Anti-.

343 3653 611 3719 machus
642 3654 765 3717 sibi
797 3675 938 3719 esse
969 3653 1236 3731 dixerat,
1268 3674 1385 3717 nos
1417 3671 1681 3739 quoque
1726 3649 1790 3713 in
1828 3645 2270 3713 secundiorem
2310 3646 2452 3734 opi-

345 3754 598 3821 nionem
621 3755 701 3820 de
729 3764 921 3843 poeta
938 3755 1258 3820 adducere
1288 3763 1516 3842 potest.
1610 3750 1727 3816 Ille
1758 3771 1902 3816 vero
1931 3770 2061 3814 non
2088 3748 2193 3812 hic
2218 3749 2448 3831 solum,

344 3859 454 3923 sed
507 3857 684 3939 alibi,
721 3868 916 3946 atque
959 3856 1305 3945 insigniore
1349 3855 1569 3942 aliquo
1599 3854 1811 3931 modo,
1837 3873 2137 3938 magnam
2176 3850 2451 3916 admira-

346 3961 584 4027 tionem
615 3961 983 4026 Antimachi
1017 3968 1293 4025 testatus
1343 3966 1462 4021 est.
1556 3953 1725 4019 Nam
1776 3952 2101 4019 Heraclidi
2153 3952 2448 4035 Pontico,

345 4061 554 4129 amico
599 4085 736 4143 suo,
786 4062 1228 4151 Colophonem
1269 4058 1588 4147 persuasit
1623 4056 1820 4136 adire,
1859 4067 1934 4120 ut
1971 4054 2275 4141 pleraque
2315 4076 2452 4120 car-

345 4165 521 4231 mina
545 4175 748 4253 poetae
775 4165 970 4231 nostri
993 4162 1419 4251 conquireret,
1448 4182 1643 4248 quem
1668 4158 1975 4237 Choerilo,
1994 4156 2107 4244 qui
2132 4155 2196 4220 in
2218 4178 2451 4244 magno
