3125 5009
791 331 838 398 2
1393 346 1845 411 AN'rmAcffl
1886 342 2291 401 namnum.

795 498 861 561 in
901 518 1032 584 quo
1077 494 1470 576 elaboretur3
1517 496 1631 561 sed
1672 496 1739 559 in
1780 495 1885 559 via
1923 502 2121 582 atque
2162 490 2427 570 ratione,
2460 510 2659 578 quam
2690 490 2773 553 ad
2804 509 2901 551 res

795 596 1242 682 cujuscunque
1275 592 1412 660 ‘loci
1469 594 1865 659 obscuriores
1917 592 2285 657 tractandas
2342 598 2412 655 et
2467 586 2903 675 expediendas

799 692 1133 772 adhibeas,
1163 692 1324 756 illud
1356 700 1519 780 puto
1545 691 1876 771 contineri,
1907 690 2100 768 unde,
2122 688 2283 777 quid
2315 687 2465 776 quis
2493 709 2577 752 ex
2608 686 2907 773 antiqua-

801 812 944 855 rum
982 790 1335 855 litterarum
1372 789 1590 855 studio
1630 788 1986 877 profecerit,
2023 786 2263 875 optime
2302 785 2668 851 existimare
2694 785 2907 848 liceat.

805 888 928 953 Est
965 888 1138 952 enim
1177 888 1246 951 in
1283 887 1407 953 hoc
1445 908 1673 975 genere
1706 885 2145 953 communium
2173 884 2554 963 studiorum,
2583 883 2759 970 quod
2788 882 2911 947 cri-

801 985 946 1051 ticis
970 985 1308 1073 praeceptis
1331 985 1595 1072 regitur,
1616 984 1776 1049 illud
1804 985 1873 1048 in
1902 983 2123 1070 primis
2152 983 2429 1062 salubre,
2460 990 2527 1047 et
2554 991 2910 1047 ceterarum

803 1104 1064 1171 quoque
1100 1082 1334 1149 artium
1367 1083 1653 1147 omnium
1680 1080 1887 1147 cultui
1930 1080 2533 1158 fructuosissimum,
2567 1089 2639 1143 ut
2668 1079 2913 1144 severis

803 1181 1058 1268 legibus
1092 1180 1434 1267 judicandi
1480 1202 1558 1246 ac
1602 1180 1977 1267 disputandi
2024 1201 2150 1245 usu
2196 1188 2391 1266 atque
2440 1178 2751 1265 exemplis
2798 1200 2916 1243 nos

808 1278 1226 1359 adsuefaciat,
1255 1287 1323 1343 et
1349 1279 1682 1366 ingenium
1711 1277 2049 1366 paullatim
2078 1276 2284 1364 fingat
2310 1278 2395 1341 ad
2422 1299 2564 1342 eam
2591 1276 2919 1341 subtilita-

807 1386 960 1455 tem,
1006 1398 1156 1464 quoe
1201 1396 1300 1441 res
1351 1398 1645 1464 quasque
1685 1398 1805 1441 suo
1849 1377 2127 1465 pondere
2161 1375 2444 1461 judicat,
2479 1395 2919 1462 vanarumque

809 1474 1181 1562 opinionum
1219 1474 1498 1539 ludibria
1534 1474 1843 1561 dispellit,
1879 1496 2011 1561 qua
2050 1496 2085 1539 e
2125 1471 2481 1560 disciplinis
2514 1473 2775 1537 sublata
2813 1496 2923 1537 ve-

812 1572 1081 1638 rendum
1109 1581 1229 1651 est,
1253 1593 1332 1637 ne
1361 1572 1637 1637 eruditio
1666 1572 1897 1652 omnis,
1929 1572 1995 1636 in
2018 1572 2391 1659 popularem
2416 1571 2757 1635 formulam
2779 1572 2919 1657 jam

811 1670 1062 1735 dudum
1091 1670 1294 1756 redigi
1323 1678 1559 1757 coepta,
1592 1691 1741 1734 mox
1768 1670 1851 1734 ad
1882 1670 2133 1756 plebem
2164 1691 2241 1734 se·
2264 1667 2583 1747 demittat,
2608 1676 2676 1733 et
2702 1669 2772 1733 in
2802 1671 2926 1733 cir-

809 1766 1190 1833 culatoriam
1237 1768 1699 1856 loquacitatem
1745 1776 2052 1833 vertatur.
2140 1766 2240 1831 Tu
2289 1762 2505 1833 autem
2544 1768 2924 1841 cumjllam

812 1867 1124 1931 interioris
1179 1865 1490 1929 doctrinae
1537 1865 1957 1931 subtilitatem
2016 1886 2165 1929 cum
2212 1874 2589 1952 argumento
2638 1887 2716 1930 eo
2770 1888 2926 1933 con-

801 1964 1122 2052 junxeris,
1145 1963 1318 2052 quod
1345 1963 1558 2050 ipsum
1588 1986 1717 2028 non
1738 1986 1775 2029 e
1799 1961 1987 2028 trivio
2015 1964 2289 2050 petitum
2318 1964 2405 2028 sit
2430 1972 2497 2027 et
2518 1963 2669 2045 tale,
2694 1965 2763 2028 in
2794 1988 2928 2053 quo

811 2060 1173 2127 elaborasse
1216 2070 1586 2126 veteranum
1631 2082 1757 2126 non
1810 2062 2157 2148 poeniteat3
2218 2062 2342 2125 nisi
2386 2082 2489 2125 me
2533 2062 2659 2126 mei
2711 2063 2780 2127 in
2834 2064 2929 2129 Te
3001 2078 3002 2081 ’

813 2160 1044 2225 amoris
1083 2159 1531 2247 praejudicium
1570 2159 1758 2239 fallit,
1787 2159 1909 2223 hac
1937 2160 2375 2246 disputatione
2405 2158 2547 2225 Tua
2582 2160 2933 2248 dupliciter

811 2256 1068 2323 laudem
1098 2256 1436 2321 doctorum
1463 2264 1657 2343 atque
1686 2257 2179 2343 intelligentium
2202 2265 2721 2344 consequuturus
2752 2260 2933 2325 vide-

813 2356 917 2419 ris.
1007 2354 1096 2419 Et
1124 2356 1206 2420 ad
1236 2354 1362 2419 hoc
1391 2355 1659 2441 quidem
1687 2355 1845 2420 satis
1874 2355 2080 2420 valere
2109 2363 2359 2443 poterat
2385 2376 2517 2420 una
2552 2356 2933 2443 disquisitio

816 2452 900 2518 de
937 2452 1072 2518 vita
1107 2461 1174 2517 et
1213 2452 1605 2517 carminibus
1644 2462 1849 2540 poetoe
1887 2452 2033 2533 Tui,
2070 2454 2140 2517 in
2188 2475 2321 2540 qua
2366 2454 2600 2518 sobriae
2638 2454 2815 2520 illius
2868 2466 2935 2521 et

815 2558 1134 2615 accuratae
1173 2550 1460 2629 rationis,
1499 2572 1633 2637 qua
1672 2550 1979 2617 historica
2018 2552 2274 2616 tractari
2326 2551 2584 2630 debent,
2622 2554 2936 2639 praeclara

814 2648 1064 2734 aliquot
1093 2648 1442 2735 specimina
1469 2648 1909 2713 animadverti.
1998 2648 2301 2713 Ceterum
2331 2650 2650 2714 voluntati
2676 2650 2833 2715 Tuae
2862 2664 2937 2717 ut

814 2766 1055 2809 morem
1102 2767 1408 2831 gererem,
1458 2745 1856 2832 marginibus
1903 2746 2011 2811 hic
2050 2748 2239 2812 allevi
2286 2748 2619 2827 nonnulla,
2666 2772 2819 2836 quae
2880 2752 2933 2815 si

812 2841 956 2907 Tibi
980 2842 1370 2907 videbuntur
1392 2843 1616 2929 digna,
1641 2843 1799 2907 Tuis
1815 2844 2203 2931 interponeS,
2232 2847 2453 2910 autad
2478 2848 2936 2913 annotationes

815 2940 1153 3027 relegabis,
1247 2938 1376 3005 Sed
1418 2949 1655 3020 tamen,
1682 2942 1801 3005 etsi
1832 2942 2261 3007 Antimachus
2293 2943 2494 3025 Tuus,
2540 2966 2670 3009 non
2710 2946 2936 3011 minus

815 3058 1012 3124 quam
1043 3036 1306 3102 Orestes
1336 3038 1467 3119 ille,
1495 3039 1637 3125 jam
1676 3040 1911 3103 summi
1944 3041 2135 3125 plena
2161 3042 2449 3129 margine
2478 3043 2623 3107 libri
2648 3046 2936 3133 scriptus

815 3143 884 3200 et
921 3134 986 3197 in
1023 3142 1204 3223 tergo
1233 3144 1368 3215 est3
1415 3157 1534 3200 nec
1581 3158 1757 3202 nunc
1800 3159 1948 3202 eum
1989 3138 2246 3203 finitum
2282 3140 2383 3204 vel
2420 3141 2502 3207 ab
2540 3142 2716 3207 omni
2745 3154 2934 3230 parte

817 3230 1186 3297 absolutum
1214 3233 1494 3319 putabis.

906 3328 1010 3393 Ita
1055 3329 1302 3409 vellem,
1343 3330 1411 3393 in
1451 3331 1591 3395 loco
1630 3332 1715 3397 de
1763 3331 2151 3397 Antimacho
2195 3334 2611 3420 grammatico
2658 3338 2941 3403 circum-

817 3426 1104 3514 spectius
1143 3436 1430 3493 versatus
1467 3451 1659 3494 esses.
1750 3428 2165 3517 Quamquam
2203 3453 2282 3496 ex
2322 3433 2522 3499 altera
2551 3444 2733 3523 parte
2765 3436 2937 3503 forte

817 3525 1130 3589 timiditas
1175 3524 1318 3589 Tua
1353 3525 1530 3609 fecit,
1573 3537 1649 3592 ut
1681 3528 1765 3592 ab
1806 3549 1902 3607 e0,
1948 3530 2127 3615 quod
2168 3551 2315 3595 vero
2344 3540 2481 3597 erat
2508 3533 2935 3615 simillimum,

815 3621 906 3687 Te
939 3622 1175 3687 abduci
1213 3624 1539 3710 patereris.
1632 3625 1921 3690 Primum
1957 3626 2065 3691 hic
2104 3627 2377 3694 miratus
2417 3652 2581 3711 sum,
2617 3632 2797 3719 quod
2840 3634 2935 3698 Te

817 3741 946 3784 non
991 3720 1334 3786 adverterit
1381 3723 1562 3787 locus
1613 3723 1681 3787 in
1730 3722 1946 3788 Schol.
1988 3725 2069 3789 ad
2121 3724 2313 3791 Hom.
2355 3727 2431 3793 ΙΙ.
2475 3756 2519 3794 ε.
2568 3730 2719 3808 389,
2762 3730 2937 3797 inter

820 3816 1205 3905 Fragmenta
1249 3820 1368 3883 abs
1410 3820 1501 3885 Te
1548 3820 1717 3886 infra
1759 3822 2092 3908 repositus.
2182 3822 2397 3898 Quem
2433 3826 2643 3891 locum
2681 3829 2735 3891 si
2778 3830 2935 3916 quis

817 3916 947 3980 huc
974 3916 1264 3995 advocet,
1285 3938 1492 4003 eoque
1520 3918 1712 3983 simul
1732 3920 1927 3985 fidem
1950 3920 2197 3986 adferat
2216 3920 2455 4004 Suidae,
2483 3926 2599 4013 qui
2623 3924 2935 3994 Antima-

817 4013 1012 4078 chum
1042 4022 1296 4099 poetam
1317 4024 1380 4079 et
1401 4018 1887 4103 grammaticum
1906 4020 2182 4084 eundem
2203 4022 2409 4108 ponit,
2431 4023 2589 4109 quid
2614 4046 2885 4111 reponas
2900 4029 2930 4091 ’ἒ

817 4111 1078 4176 Scilicet
1101 4110 1492 4177 Scholiastes
1512 4114 1641 4194 ille,
1664 4115 2125 4181 Antimachum
2142 4118 2613 4207 Colophonium
2630 4121 2933 4205 laudanS,

815 4210 1012 4276 verbo
1041 4210 1245 4275 utitur
1272 4208 1701 4299 παραδιδόναι,
1724 4215 1896 4301 quod
1912 4216 2191 4281 sollenni
2216 4240 2335 4283 usn
2358 4220 2441 4284 de
2472 4220 2933 4289 Grammaticis
