3125 5009
708 342 801 411 84
1308 354 1774 405 AwriMAcnr
1810 349 2211 401 RELIQUIAE.

708 510 921 576 insula
946 506 1190 573 Oceani
1231 503 1644 571 occidentalis
1685 499 2130 576 remotissima,
2164 495 2332 561 unde
2373 493 2462 557 ibi
2505 490 2667 555 Solis
2707 510 2812 552 oc-

709 634 929 678 casum
962 607 1305 697 ponebant,
1334 631 1391 671 v.
1422 605 1694 670 eundem
1727 603 1941 689 Heyn.
1971 600 2054 663 V.
2089 599 2192 663 Ill.
2226 598 2307 662 ad
2334 594 2549 682 Apoll.
2573 615 2632 678 p.
2665 589 2810 654 386.

710 709 1375 797 -SCH.—Conjicio
1408 712 1546 774 τότε
1579 706 1654 784 δὴ
1684 713 1798 791 μὲν
1827 709 2062 792 ἐϋχρεῳ
2093 705 2160 768 ἐν
2188 698 2370 767 ὃέπαῒ
2399 713 2514 784 σφε
2542 693 2819 771 Ἠελίου,

714 848 767 883 κ.
798 846 853 881 τ.
887 814 951 880 λ.
982 812 1080 877 vel
1106 811 1299 876 etiam
1330 807 1407 887 δὴ
1435 810 1561 875 τότ’
1594 804 2044 895 &xmp—BL.

1577 1155 1873 1220 XXVII.

942 1410 1053 1459 -—,
1090 1360 1479 1460 Ἡφαίστου
1521 1357 1676 1464 πυρὶ
1721 1354 1996 1450 εἴκελον,
2039 1353 2110 1451 “n'v
2149 1358 2235 1473 ῥα
2277 1352 2578 1435 πτόα-κει

944 1474 1233 1582 Δαῖμων
1270 1470 1689 1576 &poni-racc
1719 1467 1885 1575 ὄρεος
1923 1483 2272 1573 κορυφαῖα-ι
2305 1463 2709 1566 Μοσύχλου.

722 1698 973 1761 Senon.
1010 1696 1285 1762 Nicand.
1315 1695 1505 1761 Ther.
1536 1697 1686 1761 472.
1715 1719 1778 1782 p.
1814 1694 1919 1758 31.
1963 1695 2090 1772 (ed.
2126 1694 2217 1756 Io.
2255 1690 2492 1769 Soter.)
2522 1691 2604 1753 ad
2648 1692 2823 1756 Σάου

722 1806 789 1877 ἠὲ
840 1798 1386 1887 Μοσῦχλου·--Ὀ
1440 1801 1616 1874 Σάος
1663 1796 1726 1866 δὲ
1773 1802 1870 1863 καὶ
1912 1801 1950 1862 ὁ
1995 1793 2356 1881 Μόσυχλος
2402 1796 2522 1880 ὅρη
2561 1797 2676 1858 εἶσὶ
2714 1802 2827 1867 τῆς

726 1902 963 1985 Σάμου.
1057 1905 1373 1985 Μέμνηται
1418 1898 1481 1967 δὲ
1520 1904 1764 1968 τούτων
1807 1903 1937 1965 τῶν
1981 1902 2217 1977 τόπων,
2260 1899 2377 1973 τὴν
2423 1905 2680 1980 Λῆμνον
2726 1900 2823 1961 καὶ

725 2000 1162 2089 Σαμοθρᾴκην,
1220 2006 1504 2090 ἑκατέρας
1559 2003 1677 2077 τὰς
1736 2006 1975 2078 νήσους
2030 1997 2130 2066 διὰ
2185 2001 2426 2065 τούτων
2483 2002 2826 2082 σημαίνων.

722 2104 1045 2171 Ἐκαλεῖτο
1074 2102 1138 2172 δὲ
1183 2107 1357 2180 Σάος
1391 2111 1489 2171 καὶ
1520 2107 1559 2181 ἡ
1594 2104 1714 2181 ὅλη
1747 2106 2017 2191 Θρακικὴ
2050 2103 2289 2187 Σάμος·
2336 2106 2434 2167 καὶ
2467 2099 2830 2187 Μόσυχλος
2933 2151 2940 2157 .

720 2203 809 2284 δὲ,
863 2207 941 2271 τὰ
989 2207 1107 2293 ὅρη
1151 2216 1262 2281 τῆς
1310 2209 1590 2290 Λήμνου,
1636 2208 1726 2280 ὡς
1779 2206 2187 2290 Ἀντίμαχος·
2236 2200 2605 2287 Ἡφαίστου.
2660 2229 2713 2266 κ.
2760 2199 2826 2265 λ.

726 2312 844 2373 Καὶ
872 2304 1353 2392 Ἐρατοσθένης·
1402 2307 1493 2373 Εὖ
1534 2336 1632 2373 τοι
1661 2310 1841 2383 ὅσοις
1871 2311 2156 2393 φαίνεσκε
2199 2302 2587 2390 Μοσυχλαίῃ
2628 2301 2826 2388 φλογὶ

718 2406 1284 2474 loom—Scholion
1311 2408 1411 2473 vel
1441 2408 1765 2473 turbatum
1806 2420 1926 2488 est,
1956 2408 2053 2472 vel
2084 2407 2148 2470 in
2182 2406 2496 2493 principio
2525 2415 2676 2492 post
2704 2408 2824 2491 ὅρη

721 2513 837 2575 εἶσὶ
866 2519 981 2585 τῆς
1014 2512 1231 2593 Σάμου
1260 2510 1628 2574 addendum
1660 2516 1758 2577 καὶ
1789 2513 2068 2593 Λήμνου.
2133 2508 2414 2595 Hesych.
2441 2508 2828 2595 Μόσυχλον·

721 2612 877 2696 ὄρος
920 2615 1197 2697 Λήμνου.
1290 2610 1392 2675 De
1437 2612 1764 2675 montibus
1801 2611 1952 2690 illis,
1996 2609 2118 2674 Sao
2148 2618 2214 2673 et
2259 2608 2625 2696 Mosychlo,
2653 2609 2827 2696 apud

719 2708 879 2773 alios
908 2710 1068 2774 nihil
1098 2722 1515 2776 memoratum
1545 2714 1696 2799 legi,
1720 2722 1949 2798 praeter
1979 2710 2397 2791 Nicandrum,
2421 2734 2617 2799 quem
2647 2711 2824 2775 conf.

719 2810 910 2875 etiam
942 2835 1001 2876 v.
1034 2813 1181 2877 458.
1207 2813 1268 2878 9.
1358 2813 1527 2879 Hinc
1569 2813 1925 2901 fragmento
1972 2825 2188 2879 nostro
2235 2813 2512 2900 pretium
2559 2812 2823 2900 aliquod

718 2914 987 2978 accedit.
1079 2913 1185 2979 Sai
1240 2914 1477 2979 montis
1527 2916 1769 2980 mentio
1820 2916 1976 2980 latet
2024 2916 2294 2980 fortasse
2345 2915 2710 2980 oblitterata
2759 2916 2830 2980 in

724 3012 1013 3102 Hesych.
1077 3039 1136 3078 v.
1207 3018 1426 3101 Σάμου
1489 3016 1988 3094 ὑληέσσης-καὶ
2051 3019 2125 3083 τὸ
2182 3020 2249 3084 ἐν
2317 3018 2474 3103 αὐτ-ᾔ
2542 3020 2719 3104 ὄρος,
2767 3026 2835 3081 et

720 3116 919 3180 citato
971 3117 1056 3181 ibi
1113 3116 1324 3181 Schol.
1371 3118 1527 3182 min.
1579 3118 1657 3181 Il.
1706 3148 1762 3185 v.
1815 3118 1911 3181 12.
1975 3119 2088 3182 ubi
2137 3140 2310 3183 nunc
2359 3118 2637 3205 legitur:
2702 3127 2832 3197 Τῆς

726 3215 1162 3305 Σαμοθρᾴκης·
1206 3221 1278 3284 τὸ
1306 3222 1419 3302 μέν
1447 3248 1541 3286 τοι
1573 3224 1640 3287 ἐν
1671 3222 1827 3307 αὐτῇ
1858 3224 2013 3308 ὄρος
2035 3222 2255 3297 Σαώκη
2286 3220 2572 3287 καλεῖται.
2622 3219 2839 3285 Habe-

719 3338 865 3381 mus
895 3326 1109 3383 tamen
1141 3317 1384 3383 Saocen
1418 3331 1694 3385 montem
1725 3330 1792 3386 et
1814 3343 1914 3408 ap.
1949 3321 2119 3385 Plin.
2147 3321 2231 3385 H.
2267 3320 2349 3385 N.
2373 3321 2493 3401 IV,
2533 3322 2630 3387 12.
2661 3324 2831 3388 med.

722 3418 916 3493 Quod
972 3431 1193 3507 postea
1239 3422 1548 3487 adscribit
1597 3424 1905 3488 Nicandri
1956 3423 2198 3503 Schoh,
2236 3425 2493 3511 longius
2544 3428 2829 3512 patuisse

720 3520 833 3585 Sai
872 3522 1383 3607 appellationem,
1414 3534 1610 3611 atque
1647 3526 1838 3590 etiam
1880 3527 2051 3590 omni
2091 3524 2544 3591 Samothraciae
2585 3527 2828 3614 datam,

718 3622 1129 3688 advocandus
1160 3624 1288 3688 huc
1317 3626 1437 3689 erit
1467 3625 1770 3691 Eustath.
1804 3628 1881 3691 ad
1919 3627 2192 3715 Dionys.
2222 3627 2469 3716 Perieg.
2498 3630 2668 3711 533„
2690 3632 2829 3719 qui,

716 3724 954 3788 tradita
992 3726 1257 3812 vulgata
1303 3726 1568 3806 ratione,
1599 3750 1728 3815 qua
1759 3732 2002 3813 σάμους
2042 3730 2236 3794 veteri
2276 3752 2560 3797 sermone
2587 3735 2663 3799 τὰ
2695 3734 2825 3818 ὕψη

714 3825 1010 3906 valuisse,
1036 3826 1313 3912 indeque
1332 3827 1562 3893 insula»,
1587 3850 1815 3895 nomen
1835 3832 2085 3897 venisse
2108 3833 2444 3917 putabant,
2464 3834 2554 3897 sic
2580 3835 2819 3921 pergit:

722 3931 799 3992 Οἱ
841 3924 905 3994 δέ
946 3942 1156 4013 φασιν,
1189 3930 1282 3993 ὅτι
1326 3931 1545 4015 Σάμος
1591 3930 1831 4017 λέγεται
1873 3935 1911 4008 ἡ
1958 3937 2215 4018 Θρᾳκία,
2252 3937 2443 4001 οἱονεὶ
2491 3938 2664 4012 Σάος
2701 3966 2824 4017 τις,

718 4034 814 4094 καὶ
876 4030 1026 4093 κατὰ
1085 4027 1493 4115 πλεονασμὸν
1542 4038 1656 4097 τοῦ
1712 4062 1780 4117 μ,
1834 4036 2072 4118 Σάμος,
2119 4035 2247 4101 ἀπὸ
2308 4034 2541 4118 Σαΐων,
2595 4036 2825 4117 ἔθνους

718 4129 989 4195 παλαιοῦ
1012 4134 1385 4207 οἰκήσαντος
1415 4135 1633 4210 αὐτὴν·
1667 4135 1742 4199 οὗ
1772 4139 2063 4220 μέμνηται
2092 4142 2188 4202 καὶ
2223 4136 2652 4225 Ἀρχίλοχος,
2671 4144 2828 4223 ὁμο-

718 4227 939 4317 λογῶν
987 4231 1313 4317 ἄχραντον
1369 4237 1484 4308 τὴν
1539 4237 1728 4299 αὑτοῦ
1783 4234 2017 4304 ἀσπίδα
2070 4240 2135 4304 ἐν
2187 4242 2265 4324 τῇ
2318 4240 2826 4331 φυγῇπολέμου
