3125 5009
1024 339 1466 392 ANTiMAcm
1508 344 1709 393 VJTA.
2319 330 2415 399 29

317 479 472 577 alibi
514 481 700 548 bodie
743 506 870 551 non
911 487 1154 571 obvias,
1199 491 1456 578 proprio
1486 492 1747 580 ingenio
1790 493 1961 559 illius
1990 496 2209 561 deberi
2240 520 2425 563 nemo

317 580 577 648 dixerit.
697 584 994 675 Namque
1053 590 1175 656 hoc
1231 592 1352 656 sibi
1413 593 1625 659 minus
1682 595 2103 684 permiserunt
2159 597 2425 663 seriores

315 694 544 769 poem,
583 686 852 776 virgilii
898 694 1260 780 exemplum
1311 696 1589 782 sequuti,
1626 698 1734 784 qui
1782 697 1847 761 in
1895 698 2186 786 Trojanis
2234 700 2424 765 rebus

313 783 555 872 ingenii
608 788 809 855 divini
854 793 976 857 vim
1020 796 1210 859 veteri
1253 796 1425 861 fama
1456 799 1838 885 expolienda
1863 800 2258 887 consilioque
2287 821 2423 865 car-

315 888 505 952 minis
550 892 892 978 prudenter
931 899 1406 984 attemperanda
1439 902 1674 987 potiuS,
1719 924 1915 989 quam
1956 902 2135 966 novis
2180 902 2423 989 mythis

315 993 755 1080 excogitandis
778 996 1336 1065 demonstraverat.
1397 1001 1613 1089 Atque
1635 1002 1745 1089 huj
1759 1026 1833 1067 us
1859 1003 2222 1067 institutum
2244 1005 2424 1069 nulla

315 1092 382 1156 in
414 1100 478 1159 re
509 1095 758 1161 facilius
790 1121 986 1186 quam
1025 1100 1148 1166 hac
1197 1104 1405 1189 potuit
1447 1106 1752 1184 aemulari,
1792 1113 1856 1169 et
1898 1115 2065 1170 certe
2096 1106 2317 1170 debuit
2346 1107 2421 1185 is,

315 1196 425 1281 qui
479 1197 714 1264 divinae
763 1201 1071 1267 AEneidos
1122 1205 1394 1292 vestigia
1435 1216 1569 1270 tam
1616 1217 1835 1272 sancte
1879 1207 2204 1272 adorabat.
2295 1206 2418 1273 Sed

313 1320 506 1385 quem
562 1300 932 1368 Graecorum
992 1305 1281 1392 inprimis
1341 1308 1652 1375 imitando
1705 1310 2110 1397 expresserit,
2162 1309 2422 1375 difficile

313 1402 454 1483 erit,
497 1404 635 1470 istis
675 1407 1062 1473 carminibus
1098 1430 1269 1473 nunc
1306 1412 1603 1499 temporis
1648 1412 1880 1499 injuria
1920 1411 2307 1499 intercepta,
2338 1414 2417 1477 ad

314 1500 629 1588 liquidum
663 1506 1022 1591 perducere.
1115 1505 1308 1582 Quod
1340 1509 1803 1576 Antimachum
1835 1510 2029 1597 vulgo
2074 1509 2267 1576 Statii
2303 1510 2422 1574 du-

313 1625 452 1668 cem
493 1616 556 1670 et
600 1609 920 1693 exemplar
970 1608 1186 1674 baberi
1236 1611 1481 1690 volunt,
1528 1622 1603 1676 ut
1650 1612 1731 1677 ab
1779 1612 1962 1677 initio
2004 1612 2242 1692 monui,
2279 1612 2419 1677 haec

316 1707 578 1793 quidem
611 1710 825 1796 opinio
855 1722 954 1777 est
985 1734 1095 1798 per
1126 1736 1194 1778 se
1225 1736 1353 1778 non
1385 1713 1849 1800 improbabiliS,
1880 1722 2215 1801 propterea
2242 1714 2416 1801 quod

317 1808 484 1875 illius
528 1810 804 1877 Thebais
846 1814 1347 1880 celebratissima
1390 1814 1581 1881 Statii
1615 1826 1896 1903 tempore
1924 1816 2116 1880 fuisse
2146 1816 2415 1882 videtur.

314 1912 407 1977 At
449 1936 596 1979 vero
636 1915 982 2003 probandae
1031 1916 1314 2004 opinioni
1356 1917 1716 2005 fragmenta
1754 1940 1791 1981 a
1836 1940 1937 1982 me
1985 1918 2252 1983 collecta
2290 1940 2418 1984 non

317 2015 642 2080 sufficiunt
660 2041 676 2095 ;
725 2040 998 2104 quorum
1028 2041 1176 2083 cum
1207 2027 1340 2083 tam
1383 2019 1658 2106 exiguus
1692 2039 1995 2083 numerus
2028 2018 2134 2099 sit,
2166 2020 2421 2083 consul-

315 2117 446 2181 tius
476 2126 636 2204 puto
665 2141 796 2184 rem
827 2120 892 2183 in
923 2120 1132 2185 medio
1165 2121 1586 2207 relinquere*

402 2220 713 2287 Venimus
771 2244 940 2287 nunc
995 2223 1076 2287 ad
1132 2224 1407 2288 alterum
1461 2245 1736 2303 carmen,
1786 2224 2072 2289 versibus
2120 2224 2419 2312 elegiacis

315 2323 763 2410 compositum,
812 2324 983 2411 quod
1041 2323 1213 2403 Λΰδη
1264 2324 1642 2412 inscriptum
1701 2334 1855 2391 erat.
1965 2324 2240 2412 Scripsit
2296 2326 2419 2392 hoc

315 2436 523 2512 poeta,
551 2442 624 2493 ut
658 2428 898 2493 dictum
931 2438 1048 2507 est,
1079 2450 1158 2492 ex
1197 2427 1397 2514 Lydia
1429 2428 1607 2515 gravi
1639 2450 1786 2492 cum
1820 2429 2079 2493 vulnere
2110 2449 2418 2507 reversuS‚

318 2529 624 2617 deditque
664 2552 894 2595 nomen
940 2553 981 2595 a
1022 2530 1305 2609 muliere,
1351 2531 1538 2616 cujus
1578 2529 1774 2593 amori
1815 2530 1895 2594 ab
1934 2530 2255 2595 oblivione
2284 2530 2421 2596 vin-

321 2631 597 2697 dicando
641 2632 818 2697 labor
857 2640 1193 2720 susceptus
1233 2639 1389 2696 erat.
1476 2631 1699 2715 Atque
1740 2630 1961 2694 eodem
1992 2631 2163 2695 tituli
2194 2653 2419 2719 genere

406 2914 437 2946 ⁴¹·
482 2912 751 2991 Argutari
785 2922 842 2973 et
885 2912 1148 2973 hariolari
1189 2913 1281 2972 hic
1318 2911 1504 2974 multa
1543 2912 1701 2985 licet,
1747 2930 1936 2992 pauca
1968 2910 2189 2970 idoneis
2229 2911 2421 2970 causis

322 3005 712 3083 comprobare.
802 3005 928 3065 Nec
957 3024 1068 3085 ego
1098 3005 1154 3064 iu
1185 3008 1275 3065 his
1303 3006 1586 3085 copiosior
1608 3005 1737 3077 sim,
1767 3003 1924 3083 quod
1961 3003 2127 3063 Viros
2154 3002 2418 3062 doctissi-

323 3116 447 3157 mos
475 3097 664 3176 plures
693 3097 1034 3157 illustrando
1056 3099 1242 3158 Statio
1274 3118 1431 3158 nunc
1462 3118 1597 3157 cum
1629 3097 1880 3168 maxime
1911 3115 2115 3155 vacare
2146 3095 2342 3167 audie,
2384 3114 2421 3154 a

320 3189 530 3269 quibus
558 3189 844 3252 limatiora
883 3192 1303 3269 exspectabunt
1341 3190 1569 3250 eruditi.
1660 3191 1885 3248 Interea
1913 3209 2093 3248 unum
2136 3188 2247 3247 hoc
2278 3207 2417 3247 con-

311 3285 534 3363 jectum
575 3283 867 3364 adjiciam,
915 3283 1072 3361 quod
1116 3283 1328 3342 latinus
1373 3292 1545 3363 poeta
1587 3282 1644 3340 in
1674 3280 1953 3360 principio
1981 3279 2273 3353 carminis,
2302 3299 2420 3359 quo

323 3376 492 3437 nimis
521 3377 689 3457 longe
720 3386 870 3437 retro
896 3376 1038 3449 abit,
1067 3385 1126 3435 et
1144 3378 1340 3455 yemis
1362 3375 1508 3434 adeo
1528 3374 1857 3452 primordia
1886 3374 2051 3443 diroe,

603 3522 868 3581 Sidonios
894 3531 1120 3599 raptum,
1147 3530 1206 3581 et
1227 3519 1587 3580 inexorabile
1607 3528 1855 3596 pactum

604 3616 777 3694 ἱερᾶς
803 3617 1141 3693 Αρεπονεω,
1166 3621 1644 3691 scrutantemque
1674 3631 1910 3691 oequora
1947 3610 2255 3683 Cadmum,

606 3710 865 3786 Lonyam
892 3715 1050 3765 retro
1075 3706 1303 3776 seriem,

325 3855 588 3926 accessit,
634 3851 788 3932 quod
827 3851 1002 3931 igitur
1029 3852 1086 3910 in
1118 3848 1228 3909 hoc
1263 3848 1665 3909 Antimacheoe
1707 3847 2010 3907 imitationi
2041 3846 2279 3905 nimium
2322 3847 2419 3905 tri-

327 3949 520 4009 buisse
549 3946 786 4007 videtur.
867 3943 1096 4022 Colligo
1136 3941 1246 4001 hoc
1275 3961 1307 4000 e
1334 3940 1509 4001 nostri
1541 3940 1636 4000 Fr.
1670 3942 1779 4001 111.
1810 3939 1967 4019 quod
1994 3938 2067 3999 de
2096 3949 2263 4019 raptu
2298 3940 2417 3999 Eu-

325 4062 480 4122 ropae
505 4040 644 4119 agit.
735 4038 954 4097 Horum
979 4036 1186 4095 similia
1215 4034 1308 4094 hic
1337 4032 1548 4112 deponi
1576 4042 1833 4113 possent,
1854 4033 1901 4093 si
1931 4052 2035 4093 nos
2064 4032 2417 4112 conjecturae

327 4132 659 4215 hujusmodi
687 4131 928 4191 multum
953 4130 1244 4211 juvarent.
