3125 5009
1039 336 1226 387 AN'r1
1239 336 1483 387 MAcffl
1523 338 1733 386 vim.
2346 316 2433 386 19

325 480 450 544 bus
491 480 791 569 equidem
841 483 906 547 in
955 477 1234 552 hominis
1277 488 1581 552 honorem
1625 485 1898 552 libenter
1944 485 2327 566 accederem,
2376 486 2433 550 si

329 583 492 646 nihil
529 595 718 665 esset,
760 588 936 674 quod
983 589 1264 655 obstaret
1299 590 1526 654 horum
1566 590 1922 655 sententiae.
2011 590 2336 670 Attamen,
2377 590 2433 653 si

327 687 730 752 matrimonio
771 689 988 776 juncti
1035 690 1326 771 fuissent,
1381 692 1488 755 vix
1537 692 1896 757 existimem
1930 692 2105 756 adeo
2132 692 2431 755 -nobilem

327 810 607 875 amorem
625 813 844 855 eorum
869 792 1131 872 factum,
1150 816 1359 881 neque
1387 793 1852 859 Hermesianax
1876 794 1941 857 in
1964 793 2241 876 carmine
2260 815 2431 879 saepe

327 890 522 956 allato
564 892 646 957 de
679 894 1005 981 conjugali
1055 896 1325 961 caritate
1365 896 1675 983 loquitur,
1710 918 1921 983 neque
1962 897 2041 960 de
2078 895 2199 960 hoc
2227 895 2432 980 accipi

326 992 673 1059 Athenaei*
723 996 906 1061 locus
952 1006 1184 1084 potest,
1221 998 1397 1085 quod
1431 1000 1572 1085 jam
1620 998 2030 1063 Burmannus
2060 998 2282 1083 major,
2313 996 2435 1060 Vir

329 1096 564 1181 gravis,
611 1100 693 1163 ad
747 1098 1054 1165 Ovidium
1101 1101 1569 1167 animadvertit.
1664 1100 1774 1165 Sic
1823 1101 2049 1187 utique
2094 1099 2431 1165 Plutarchi

323 1198 546 1287 religio
571 1202 840 1265 amicam
865 1201 932 1265 in
963 1225 1224 1269 uxorem
1251 1204 1635 1269 convertisse
1664 1202 1863 1268 videri
1894 1202 2101 1267 debet.

415 1301 564 1367 Jam
597 1313 903 1391 superest,
935 1315 1008 1369 ut
1037 1306 1117 1370 de
1146 1306 1288 1371 aliis
1318 1306 1721 1371 Antimachis
1750 1306 2023 1371 breviter
2050 1304 2285 1385 dicam,
2317 1303 2433 1391 qui

327 1404 590 1491 quidem
621 1429 734 1493 pro
759 1407 1176 1493 scriptoribus
1208 1408 1454 1473 Graecis
1484 1408 1907 1487 afferuntur.†
1966 1406 2110 1471 Hoc
2134 1406 2304 1471 enim
2327 1407 2431 1471 vel

329 1528 404 1572 eo
433 1508 701 1573 consilio
741 1509 898 1574 mihi
943 1510 1331 1591 faciundum,
1361 1533 1442 1575 ne
1483 1511 1774 1598 ejusdem
1816 1510 2092 1574 nominis
2140 1516 2434 1573 auctores

329 1609 497 1675 inter
537 1632 605 1675 se
650 1612 1004 1692 miscuisse,
1046 1612 1286 1700 unique
1325 1612 1512 1693 forte,
1557 1613 1729 1701 quod
1775 1613 1954 1677 alteri
1996 1612 2290 1683 debetur,
2320 1612 2435 1675 ad-

329 1712 658 1801 scripsisse
703 1714 938 1779 videar.
1047 1714 1462 1802 Quamquam
1509 1715 1578 1779 in
1626 1714 1999 1800 hujusmodi
2051 1714 2432 1800 periculum,

329 1814 437 1877 cui
467 1816 534 1878 in
563 1814 936 1903 fragmentis
966 1826 1298 1881 auctorum
1328 1817 1705 1903 colligendis
1729 1816 1887 1885 alias
1918 1814 2199 1879 studiose
2229 1812 2437 1905 caveri

333 1917 547 1997 debet,
581 1917 843 1983 hic‘non
871 1918 1060 1982 facile
1096 1920 1308 1983 venire
1344 1940 1710 2006 possumus,
1745 1918 2051 2004 quoniam
2091 1916 2259 1980 inter
2298 1936 2434 1979 om-

333 2041 446 2083 nes
508 2019 704 2106 hujus
758 2021 1034 2085 nominis
1094 2020 1536 2108 Colophonius
1588 2020 1694 2085 ille
1744 2027 1995 2084 tantum
2049 2017 2435 2082 celebritatis

331 2120 604 2207 adeptus
643 2122 749 2202 sit,
787 2132 1098 2209 quantum
1146 2131 1499 2186 ceterorum
1539 2121 1779 2201 nulluS,
1817 2119 1975 2185 adeo
2007 2130 2079 2184 ut
2120 2119 2185 2182 hi
2218 2118 2433 2184 forsan

333 2224 518 2288 nobis
548 2246 627 2288 ne
650 2223 1046 2288 innotuerint
1076 2223 1360 2309 quidem,
1385 2224 1508 2287 nisi
1541 2222 1775 2288 Suidas
1804 2222 2050 2287 fuisset.
2128 2221 2257 2285 Hic
2286 2243 2433 2286 vero

335 2326 616 2391 sectione
647 2348 763 2390 nos
791 2326 1006 2390 beavit
1027 2347 1158 2391 non
1183 2326 1366 2390 valde
1397 2335 1715 2406 accurata,
1746 2347 1877 2413 qua
1900 2324 2113 2411 plures
2144 2323 2437 2387 Antima-

333 2426 490 2492 chos
532 2427 878 2515 distinguit
911 2438 974 2492 et
1012 2437 1363 2492 enumerat.
1454 2428 1778 2515 Perquam
1808 2426 1977 2493 enim
2006 2423 2298 2489 turbatus
2328 2425 2437 2489 ille

335 2529 516 2594 locus
565 2539 682 2609 est,
730 2530 1068 2594 maximam
1119 2539 1362 2616 partem
1404 2552 1438 2593 e
1483 2528 1745 2593 scholiis
1792 2528 1876 2593 ad
1922 2526 2437 2614 Aristophanem,

339 2632 509 2695 unde
539 2641 672 2695 tam
696 2632 897 2695 multa
928 2632 988 2695 in
1025 2631 1292 2695 Suidam
1313 2631 1599 2696 derivata
1629 2637 1801 2707 sunt,
1820 2629 2213 2717 compositus
2242 2638 2439 2716 atque

335 2733 675 2813 conflatus,
706 2733 904 2821 idque
944 2732 1207 2798 fortasse
1247 2755 1375 2797 non
1413 2754 1542 2797 una
1570 2753 1784 2796 manu.
1875 2730 1985 2795 Sic
2020 2752 2246 2817 parum
2288 2728 2451 2794 inde'

337 2835 419 2899 ad
451 2856 570 2900 nos
602 2835 762 2899 redit
786 2835 1086 2922 praesidii.

428 2938 708 3018 Primus,
738 2960 932 3026 quem
978 2947 1210 3027 praeter
1248 2946 1538 3002 nostrum
1588 2933 2112 3022 Lexicographus
2157 2933 2439 3019 attingit,

337 3042 762 3108 Antimachus
830 3050 931 3106 est
991 3040 1533 3127 Heliopolitanus,
1593 3038 1963 3126 AEgyptiuS,
2022 3036 2127 3103 cui
2193 3031 2257 3101 et
2314 3037 2438 3123 ipsi

337 3145 590 3235 epicum
626 3168 854 3233 poema
893 3145 1138 3224 tribuit,
1172 3142 1631 3229 Κοσμοποιΐαυ.
1719 3142 1808 3204 At
1836 3141 1889 3203 is
1919 3139 2220 3226 ignobilis
2251 3137 2441 3203 homo

337 3258 456 3328 est,
482 3258 548 3314 et
583 3248 745 3313 forte
792 3246 875 3313 ad
922 3257 1209 3335 tempora
1256 3246 1488 3310 seriora
1525 3242 1970 3331 relegandusss
2070 3241 2229 3306 Post
2266 3240 2439 3303 hunc

424 3528 456 3561 ¹*
501 3526 670 3584 XIII.
701 3546 759 3605 p.
792 3526 928 3584 596.
955 3525 1025 3584 F.

425 3630 461 3691 †
507 3619 658 3679 Nam
697 3618 888 3697 plures
927 3618 984 3675 in
1023 3614 1368 3693 antiquitate
1397 3613 1511 3673 hoc
1548 3631 1761 3672 nomen
1806 3611 2153 3681 habuerunt,
2184 3619 2249 3668 ut
2280 3608 2445 3669 aliter

345 3712 566 3791 nequit,
588 3712 712 3791 jam
746 3710 879 3769 inde
909 3730 944 3769 a
973 3708 1241 3788 mythIcis
1264 3706 1634 3785 temporibus
1720 3705 1923 3763 Athos
1951 3713 2009 3762 et
2037 3701 2307 3779 reliquos,
2330 3702 2445 3761 alia

347 3804 532 3883 magis
570 3825 627 3864 re
675 3823 851 3881 quarn
899 3801 1129 3879 iugenio
1177 3800 1448 3870 illustres,
1493 3798 1603 3857 hoc
1654 3798 1783 3855 loco
1832 3795 2119 3874 praeterire
2156 3795 2343 3853 decet.
2388 3816 2443 3853 v.

349 3896 777 3975 Bergstraesseri
807 3896 881 3955 V.
915 3894 986 3954 C.
1021 3890 1579 3952 Realwoerterbuch.
1609 3891 1677 3948 T.
1713 3890 1791 3947 ΙΙ.
1826 3909 1884 3967 p.
1915 3890 2053 3947 653.

433 3998 459 4061 1
503 3990 594 4048 Ad
635 3990 792 4047 hunc
833 3988 1178 4046 Maussacus
1219 3984 1293 4043 ad
1338 3984 1681 4061 Harpocrat.
1712 4002 1771 4061 p.
1814 3984 1903 4039 13.
1934 3978 2132 4039 retulit
2158 3979 2449 4055 fragmen-

350 4093 497 4154 tum,
528 4102 564 4142 a
591 4082 783 4141 Strab.
818 4081 986 4139 XIII.
1017 4101 1075 4156 p.
1117 4080 1255 4138 588.
1301 4078 1496 4151 (880.)
1522 4084 1581 4134 et
1620 4073 1876 4154 pluribus
1915 4080 2450 4141 commemoratum,

349 4175 424 4234 de
467 4195 585 4254 quo
631 4174 778 4233 infra
829 4174 924 4234 Fr.
973 4171 1200 4231 XXIII.
1299 4170 1449 4227 Nam
1500 4167 1787 4245 opinionis
1831 4167 2007 4245 hujus
2052 4182 2285 4224 causam
2334 4182 2448 4222 non
