3125 5009
721 382 815 452 54

1321 390 1759 442 ANTIMAcffl
1815 382 2220 439 RELIQUIAE.

1748 538 1810 601 9.

1241 731 1330 744 —
1363 694 1451 759 Τὸ
1485 694 1583 758 καί
1615 706 1754 774 σφω
1785 690 2040 773 γείνατο
2067 683 2291 767 μητήρ.

1748 870 1845 933 10.

909 1018 1129 1082 Πάντα
1156 1013 1327 1099 μάλ’,
1359 1012 1500 1076 ὅσσ’
1520 1006 1881 1093 ’Ἄδραστος
1904 1002 2354 1088 ἐποιχομένους
2382 990 2654 1059 ἐκέλευσε

907 1116 1216 1201 Ῥεὲέμευ·
1268 1119 1332 1180 ἐν
1363 1118 1476 1197 μὲν
1507 1108 1700 1194 ὕδωρ,
1732 1112 1797 1173 ἐν
1830 1104 1883 1171 δ’
1914 1101 2180 1179 ἀσκηθὲς
2209 1096 2348 1183 μέλι
2382 1100 2521 1180 χεῦε

911 1220 1237 1304 Ἀργυρέῳ
1267 1224 1521 1300 κρητῆρι
1549 1204 1977 1296 περιφραδέως
2007 1206 2369 1289 κερόωντες.

919 1322 1237 1403 Νώμησαν
1265 1314 1328 1383 δὲ
1361 1312 1673 1398 δέπαστρα
1705 1312 1881 1382 θοῶς
1910 1303 2288 1394 βασιλεῦσιν
2316 1298 2621 1385 Ἀχαιῶν,

919 1422 1032 1487 Ἐκ
1063 1421 1257 1507 χερὸς
1285 1420 1575 1491 εἶστιῶσι,
1606 1418 1703 1479 καὶ
1736 1415 1800 1486 ἐς
1831 1406 2071 1495 λοιβὴν
2105 1408 2256 1491 χέον
2288 1399 2461 1485 εἶθαρ

918 1526 1190 1608 Χρυσεῖῃ
1218 1519 1487 1605 προχόῳ
1516 1550 1603 1564 -
1814 1602 1821 1613 ὶ

1043 1784 1047 1789 .
1750 1684 1777 1747 l
1796 1684 1851 1747 l.

910 1824 1188 1900 ’Άλλοις
1219 1821 1281 1890 δὲ
1314 1832 1603 1910 κρητῆρα,
1632 1819 2075 1904 πανάργυρον,
2108 1818 2175 1890 ὴὲ
2208 1809 2521 1893 δέπαστρα

925 1929 1254 1994 Οἶσόντων
1288 1928 1547 2012 χρύσεια
1578 1925 1655 1987 τά
1684 1922 1740 1986 τ’
1771 1924 1837 1987 ἐν
1868 1920 2239 2004 μεγάροισιν
2269 1917 2467 1997 ἐμοῖσι

926 2034 1176 2095 Κείαται
1202 2062 1288 2075 -·

1769 2195 1868 2257 12.

1019 2333 1138 2392 Καὶ
1174 2330 1434 2413 χρύσεια
1467 2322 1780 2408 δέπαστρα
1810 2325 1906 2386 καὶ
1940 2315 2208 2394 ἀσκηθὲς
2240 2313 2559 2401 κελέβειον

1004 2427 1358 2512 ’Έμπλειον
1388 2425 1665 2510 μέλιτος,
1694 2426 1767 2490 τὸ
1796 2422 1882 2507 ῥά
1914 2424 1973 2486 οἶ
2004 2422 2509 2505 προφερέστερον
2542 2414 2654 2489 εἰή.

1772 2596 1870 2659 13.

1023 2739 1314 2821 Κήρυκας
1345 2733 1711 2799 ἀθανάτοισι
1740 2734 1943 2817 φέρειν
1971 2726 2249 2812 μέλανος
2280 2724 2501 2800 οἴνοιο,

1021 2836 1255 2901 Ἀσκὸν
1281 2834 1596 2901 ἐνίπλειον
1628 2829 1963 2917 κελεβῆἰον
1996 2832 2126 2893 ὅττι
2156 2830 2475 2913 φέριστον,

1027 2940 1213 3001 Οἷσιν
1239 2939 1327 3001 ἐνὶ
1360 2937 1662 3021 μεγάροις
1691 2942 1876 2999 κεῖται
1905 2930 2158 3015 μέλιτος
2186 2926 2547 3002 πεπληθός.

1777 3102 1869 3163 14.

1277 3264 1364 3275 --
1395 3212 1553 3313 άτᾶρ
1586 3228 1926 3313 ἆμφιθέτον
1956 3220 2275 3308 κελέβειον
2304 3221 2559 3296 ἑλόντες

1019 3328 1372 3415 ’Έμπλειον
1401 3329 1675 3414 μέλιτος,
1705 3332 1776 3393 τὸ
1806 3327 1891 3413 ῥά
1924 3330 1983 3391 οἱ
2014 3328 2512 3411 προφερέστερον
2543 3324 2653 3401 εἴη.

1766 3504 1864 3567 15.

1035 3637 1242 3701 Πᾶσιν
1275 3630 1330 3697 δ’
1363 3634 1777 3717 ἡγεμόνεσσιν
1808 3632 2168 3719 ἐπιχόμενοι
2200 3636 2457 3717 κήρυκες

1037 3738 1286 3821 Χρύσεα
1316 3732 1477 3799 καλὰ
1511 3732 1794 3799 κύπελλα
1820 3737 2155 3819 τετυγμένα
2188 3736 2583 3816 νωμῆσαντο.

1786 3906 1881 3970 16.

1027 4039 1146 4113 Ὡς
1176 4038 1611 4117 ἐπαπειλῆτην,
1639 4041 1846 4125 ὥσπερ
1880 4038 2250 4105 Καυκωνῖὃα
2282 4043 2504 4124 Δύμην

1033 4138 1418 4225 Ἐπραθέτην
1445 4136 1773 4205 παίδεσσιν
1802 4142 2071 4207 Ἐπειῶν
2103 4140 2501 4228 ἆρχεῦοντες.
