3125 5009
731 340 826 409 33
1335 354 1781 404 ANTIMACHI
1820 350 2227 429 REL1QU1AE.

727 510 793 573 Is
834 516 1050 574 autem
1095 507 1445 587 Choerilus,
1486 529 1564 570 ne
1596 504 1745 593 quis
1775 512 1960 583 erret,
1988 523 2117 566 non
2149 497 2541 565 Horatianus
2571 495 2676 559 ille
2706 502 2827 575 est,

725 612 839 676 sed
868 610 1214 697 antiquior,
1245 618 1310 674 et
1339 606 1707 673 Antimachi
1735 607 1930 671 ferme
1952 602 2244 692 aequalis,
2274 598 2527 665 Samius
2556 622 2674 687 seu
2698 596 2835 661 Ha-

725 711 1232 792 licarnassensis,
1275 711 1390 799 qui
1431 711 1601 777 bella
1646 708 2016 773 Graecorum
2050 726 2199 771 cum
2242 702 2443 769 Dario
2482 710 2546 767 et
2593 699 2833 777 Xerxe,

726 815 927 878 nobili
973 815 1253 879 carmine
1306 812 1670 879 celebravit.
1677 818 1708 850 ⁴¹*
1798 811 1901 876 De
1942 809 2065 873 hoc
2104 807 2271 872 enim
2310 804 2487 891 apud
2529 803 2831 867 Proclum

727 915 856 1003 agi,
880 916 1060 980 nullo
1090 916 1550 997 mododubito.
1640 913 1930 978 Fuerunt
1958 920 2170 975 tamen
2194 908 2416 974 eodem
2440 905 2657 971 seculo
2679 904 2835 969 Pto-

727 1018 1120 1097 lemaeorum,
1163 1018 1276 1104 qui
1319 1019 1629 1082 honorem
1656 1026 1875 1080 nostro
1904 1014 2195 1079 habitum
2229 1010 2605 1086 inviderent,
2637 1006 2829 1073 Choe-

727 1119 845 1183 rilo
874 1119 1161 1207 praelato,
1182 1122 1244 1182 in
1280 1120 1382 1183 his
1415 1119 1816 1206 Euphorion,
1836 1138 2116 1203 magnus
2145 1122 2211 1177 et
2240 1114 2379 1199 ipse
2396 1116 2656 1198 poeta,†
2687 1120 2833 1197 post

727 1224 857 1301 alii,
916 1223 1029 1309 qui
1087 1222 1418 1309 Panyasin
1470 1221 1755 1286 secundo
1807 1221 1949 1284 loco
1996 1220 2079 1283 ab
2132 1217 2415 1281 Homero
2462 1212 2831 1303 ponerent.‡

729 1324 905 1388 Cum
939 1323 1346 1398 Quintiliano
1375 1335 1599 1389 contra
1625 1324 1727 1388 vel
1759 1323 1975 1410 potius
2002 1318 2472 1398 AlexandriniS,
2496 1316 2835 1404 Antipater

727 1428 1046 1493 consentit
1065 1427 1676 1508 ThessalonicensiS,
1703 1426 1939 1491 Tiberii
1971 1444 2105 1489 aevo
2134 1424 2365 1499 clarus,
2400 1420 2591 1507 cujus
2619 1440 2834 1505 poem-

729 1530 906 1594 ation
935 1538 1248 1616 superest,
1281 1531 1345 1594 in
1374 1552 1505 1616 quo
1537 1529 2000 1593 Antimachum
2030 1549 2179 1591 cum
2212 1533 2474 1613 parente
2501 1532 2833 1611 poetarum

729 1631 1088 1718 conjungit,
1138 1642 1205 1697 et
1248 1631 1401 1698 huic
1437 1631 1553 1696 soli
1593 1631 1947 1717 postponit,
1986 1630 2249 1717 vimque
2280 1628 2342 1692 in
2372 1650 2447 1693 eo
2482 1628 2708 1691 laudat
2754 1648 2831 1691 ac

729 1755 1134 1797 numerorum
1177 1733 1653 1821 majestatem.§
1741 1732 1983 1797 Versus
2013 1732 2207 1818 ipsos,
2237 1738 2429 1819 prout
2456 1730 2539 1793 ab
2579 1728 2833 1795 immor-

731 1834 843 1897 tali
877 1835 1105 1899 Grotio
1140 1836 1364 1901 Latine
1389 1847 1745 1914 vertuntur,
1774 1857 2095 1923 apponam
2122 1857 2137 1897 ε

811 2040 843 2071 *
885 2038 960 2097 V.
987 2037 1098 2097 loc.
1119 2016 1396 2097 classicus
1425 2038 1482 2095 in
1507 2038 1695 2097 Suida
1722 2057 1770 2097 s.
1792 2059 1871 2108 v.,
1890 2048 1950 2097 et
1974 2037 2054 2097 cf.
2078 2036 2322 2096 Vossius
2350 2036 2425 2096 de
2455 2037 2621 2097 Poet.
2647 2036 2752 2095 Gr.
2773 2055 2827 2094 c.

730 2136 788 2189 5.
895 2130 1012 2189 Sed
1053 2149 1257 2208 parum
1286 2130 1477 2190 adhuc
1507 2142 1703 2190 actum
1733 2142 1822 2190 est
1851 2130 1909 2188 in
1940 2129 2368 2207 distinguendis
2393 2129 2630 2189 diversis
2656 2128 2833 2207 hujus
2922 2203 2929 2215 '

731 2222 979 2282 nominis
1015 2223 1218 2301 poetis.
1322 2223 1518 2283 Nostri
1552 2222 1792 2282 Choerili
1827 2222 2085 2283 carmina
2130 2222 2439 2301 plurimum
2483 2220 2831 2280 celebritatis

730 2315 945 2393 adepta
991 2335 1135 2373 esse.
1185 2316 1711 2393 praeter·Proclum
1761 2314 1803 2375 l.
1856 2320 1905 2376 l.
1957 2315 2171 2374 Suidas
2210 2334 2445 2394 quoque
2482 2323 2685 2373 auctor
2721 2323 2827 2373 est.

731 2408 934 2466 Citant
978 2408 1106 2486 ejus
1147 2428 1308 2486 epos,
1343 2418 1404 2471 et
1442 2428 1638 2467 versus
1678 2409 1812 2468 inde
1851 2418 2155 2489 apponunt
2194 2408 2386 2467 Strab.
2419 2407 2556 2468 Vll.
2588 2426 2648 2485 p.
2690 2410 2825 2467 303.

730 2501 928 2577 (464.)
975 2510 1035 2559 et
1069 2501 1361 2581 Josephus
1398 2501 1438 2561 l.
1472 2503 1521 2561 Ι.
1554 2522 1607 2561 c.
1644 2501 1879 2582 Apion„
1908 2522 2080 2579 quem
2112 2502 2302 2560 locum
2334 2500 2584 2559 reddidit
2612 2498 2827 2559 Euseb.

732 2591 804 2649 P.
836 2593 907 2652 E.
941 2593 1050 2664 IX,
1082 2595 1142 2652 9.
1227 2594 1507 2672 Ejusdem
1537 2594 1807 2654 carminis
1834 2594 2059 2653 initium
2082 2614 2379 2671 superesse
2400 2591 2829 2673 acuteconjicit

730 2684 1016 2762 Egregius
1045 2695 1236 2744 noster
1257 2688 1438 2747 Wolf.
1473 2688 1629 2766 apud
1663 2687 1897 2747 Aristot.
1930 2686 2106 2746 Rhet.
2136 2687 2243 2759 111,
2279 2689 2371 2745 14.

968 2814 1160 2891 ”Ηγεό
1185 2843 1277 2895 μοι
1307 2821 1487 2894 λόγον
1515 2822 1721 2889 ἄλλον,
1750 2820 1899 2885 ὅπως
1928 2817 2129 2885 Ἀσίας
2156 2817 2270 2877 ἀπὸ
2295 2824 2473 2893 γαίης·

957 2904 1187 2968 'Emesa
1215 2912 1274 2977 ἐς
1301 2914 1577 2990 Εὐρώπην
1603 2912 1847 2991 πόλεμος
1872 2914 2057 2990 μέγας
2076 2942 2153 2955 --

809 3042 844 3101 -1-
891 3034 1266 3112 Epigramma
1295 3037 1544 3097 Cratetis
1576 3038 1979 3113 Grammatici,
2010 3040 2253 3118 primum
2278 3039 2498 3099 editum
2528 3060 2564 3099 a
2594 3041 2821 3102 Salma-

726 3126 810 3185 sio
848 3126 922 3185 ad
970 3127 1262 3206 Spartian.
1305 3150 1364 3209 p.
1403 3134 1504 3189 44.
1549 3152 1733 3211 nuper
1770 3134 1844 3192 ab
1870 3132 1961 3191 Ill.
1995 3132 2289 3193 Brunckio
2327 3134 2620 3196 Analectt.
2648 3136 2717 3196 T.
2748 3136 2825 3194 II.

770 3261 783 3276 .
817 3222 875 3279 3.

727 3239 766 3298 p
969 3307 1229 3380 Χοίριλος
1247 3303 1600 3385 Ἀντιμάχου
1627 3305 1775 3365 πολὺ
1803 3312 2070 3367 λείπεται·
2103 3308 2235 3367 ἀλλ’
2262 3310 2352 3367 ἐπὶ
2379 3318 2522 3369 πᾶσι

1049 3400 1312 3473 Χοίριλον
1341 3396 1634 3477 Εὐφορίων
1660 3396 1781 3478 εἶχε
1810 3398 1899 3458 διὰ
1919 3404 2215 3480 στόματος,

966 3489 1076 3543 Καὶ
1107 3490 1448 3563 κατάγλωττ’
1475 3492 1650 3550 ἐποίει
1678 3496 1748 3550 τὰ
1768 3496 2069 3572 ποιήματα,
2092 3498 2181 3553 καὶ
2204 3500 2275 3553 τὰ
2295 3500 2538 3576 φίλητρα

1047 3577 1341 3656 Ἀτρεκέως
1367 3579 1505 3661 ᾔδει·
1531 3586 1621 3642 καὶ
1644 3588 1756 3662 γὰρ
1774 3581 2073 3663 “Ομηρικὸς
2094 3584 2188 3657 ἦν.

720 3707 944 3765 Horum
994 3728 1261 3771 versuum
1305 3709 1651 3789 flagitiosam
1705 3713 2054 3791 elegantiam
2108 3716 2331 3777 detexit
2384 3718 2815 3797 Sagae-issimus

718 3799 906 3877 Toup.
937 3800 996 3858 in
1029 3800 1215 3879 Epist.
1245 3802 1367 3861 crit.
1405 3824 1462 3881 p.
1501 3808 1635 3865 135.
1667 3806 1760 3865 ed.
1795 3806 1974 3885 Lips„
2002 3808 2097 3867 ubi
2124 3809 2294 3870 docte
2324 3810 2445 3890 agit
2471 3812 2545 3871 de
2576 3812 2817 3892 Eupho·

717 3892 896 3951 rione.
927 3891 1004 3950 cf.
1037 3892 1256 3951 Reiskii
1289 3894 1475 3957 Notit.
1504 3908 1657 3976 poet.
1690 3898 1908 3958 anthol.
1937 3920 1994 3980 p.
2027 3904 2167 3963 211.

799 3993 827 4055 Ι
872 3983 1036 4044 Suid.
1052 4006 1106 4044 V.
1129 3989 1442 4057 Πανύασις.
1525 3991 1633 4050 Ἐν
1659 4002 1913 4064 ποιηταῖς
1940 3995 2190 4055 τάττεται
2216 3997 2382 4077 μεθΗ
2386 3997 2647 4078 ΗΟμηρον
2678 4006 2817 4061 κατὰ

717 4077 778 4137 δέ
800 4102 977 4148 τινας,
1005 4082 1093 4136 καὶ
1120 4077 1248 4156 μεθ’
1271 4079 1543 4142 Ἡσίοδον
1572 4089 1660 4143 καὶ
1686 4084 2057 4165 ’.Αντίμαχον

797 4172 824 4242 §
867 4168 1222 4229 Contextum
1251 4172 1479 4232 scribo
1465 4176 1553 4246 iis,
1586 4175 1795 4253 quibus
1823 4177 2035 4239 Giaeca
2056 4199 2248 4258 graeca
2277 4192 2432 4254 sunt,
2464 4201 2579 4241 non
2608 4183 2813 4265 legun-
