3125 5009
808 328 813 331 ’
843 358 1311 410 FRAGMENTA
1352 362 1700 413 1NCERrAE
1731 350 2465 435 san1s.115

345 495 513 560 enim
544 497 665 565 hoc
695 501 775 567 de
804 506 1039 570 cortice
1082 516 1337 573 tantum
1367 511 1668 577 dixerunt
1697 524 1960 596 vetereS‚
1988 517 2100 581 sed
2136 520 2252 596 τὴν
2281 519 2459 605 χλω-

344 602 572 688 ρότητα
601 611 699 671 καὶ
728 610 803 674 τὸ
834 608 1036 687 ἄνθος
1055 614 1185 679 τῶν
1214 618 1473 700 καρπῶν
1495 636 1570 680 eo
1589 618 1897 683 vocabulo
1928 618 2216 684 universe
2244 619 2457 708 desig-

344 701 535 769 nasse
565 718 744 772 notat
777 709 953 775 Plut.
988 711 1029 775 l.
1062 734 1142 793 c.,
1174 723 1239 777 et
1268 714 1455 779 affert
1483 717 1667 782 Arati
1697 741 1949 785 versum
1979 720 2060 786 de
2089 720 2294 787 Sirio.

556 892 677 953 Καὶ
707 889 784 953 τὰ
813 893 927 973 μὲν
956 888 1257 976 ἐ’ῤῥωσεν,
1289 894 1405 959 τὸν
1436 889 1499 959 δὲ
1530 893 1741 981 φλόον
1772 896 1967 963 ὤλεσε
1997 900 2224 965 πάντα.

341 1060 607 1147 Legitur
632 1064 737 1128 ille
766 1066 833 1128 in
863 1066 1206 1132 Phaenoin.‘
1219 1070 1365 1134 335.
1391 1071 1498 1135 ubi
1523 1072 1717 1136 dictis
1739 1083 2190 1155 consentanee,
2220 1075 2448 1139 ultima

335 1184 374 1226 a
403 1162 707 1231 Cicerone
740 1176 1070 1233 vertuntur
1090 1217 1106 1233 .

706 1331 1211 1423 Denudatfoliis
1242 1360 1445 1404 ramos
1473 1350 1533 1404 et
1562 1342 1786 1407 cortice
1815 1354 2081 1408 truncos.

333 1496 415 1561 V.
452 1498 623 1587 opp.
658 1500 949 1567 Ciceron.
980 1503 1055 1567 T.
1092 1502 1208 1568 IV.
1232 1528 1295 1592 p.
1336 1505 1520 1571 1125.
1571 1508 1728 1573 Ern.
1821 1508 1982 1575 Mox
2014 1510 2253 1597 adjecit
2285 1509 2441 1574 Plu-

334 1600 626 1665 tarchus:
685 1604 863 1672 Εἶναι
898 1611 996 1672 καὶ
1036 1610 1166 1674 τῶν
1194 1606 1536 1686 Ἑλλήνων
1573 1613 1773 1691 τινὰς,
1803 1612 1869 1679 οἳ
1899 1610 2116 1699 Φλοῖῳ
2149 1616 2443 1697 Διονύσῳ

330 1706 617 1784 θύουσιν,
647 1727 793 1790 quae
824 1708 1207 1773 conferenda
1237 1721 1390 1774 sunt
1418 1732 1566 1776 cum
1599 1711 1876 1789 AElianO.

1249 2132 1501 2198 LXXI.

942 2448 1054 2461 --
1096 2400 1309 2496 Τήνου
1352 2403 1417 2483 τ’
1456 2399 1826 2502 ὅφιοὲσσης.

324 2647 835 2711 ΟυΝεΕιινΑνιτ
881 2652 1074 2715 verba
1120 2650 1339 2717 Schol.
1382 2652 1711 2742 Aristoph.
1754 2654 1837 2718 ad
1886 2653 2062 2719 Plut.
2094 2678 2152 2718 v·
2185 2654 2332 2718 718.
2367 2654 2430 2718 in

322 2750 569 2815 scholio
615 2752 1006 2837 perturbate,
1045 2761 1131 2834 et,
1174 2762 1247 2817 ut
1292 2753 1737 2819 HemsterhuS.
1782 2755 1866 2819 ad
1913 2756 2124 2819 locum
2172 2777 2233 2840 p.
2281 2757 2429 2819 242.

323 2852 572 2938 egregie
612 2852 1083 2933 animadvertit,
1112 2876 1147 2919 e
1186 2854 1479 2942 pluribus
1515 2856 1676 2921 sorte
1705 2856 2024 2921 conflato:
2064 2855 2207 2922 Ὅτι
2247 2860 2314 2923 ἐν
2352 2863 2434 2945 τῇ

324 2958 529 3039 Τήνῳ,
553 2958 665 3040 μιᾷ
691 2958 819 3021 τῶν
846 2953 1198 3024 Κυκλάδων
1227 2962 1421 3043 νήσῳ,
1448 2959 1624 3043 ὄφεις
1654 2964 1751 3024 καὶ
1779 2964 2067 3045 σκορπίοι
2092 2955 2280 3025 δεινοὶ
2306 2963 2434 3045 ἐγί-

325 3077 537 3122 νοντο·
584 3056 622 3132 ’ἢ
655 3058 751 3122 ὅτι
780 3060 821 3133 ἡ
854 3065 1060 3133 Τῆνος
1087 3056 1421 3145 ὃριμῦτατα
1445 3056 1720 3145 σκόροδα
1749 3063 1930 3145 φέρει.
2018 3058 2098 3125 ‘H
2127 3068 2336 3137 Τῆνος
2367 3057 2432 3127 δὲ

322 3158 475 3235 αὕτη
494 3155 810 3243 θηριώδης
840 3156 1006 3225 δοκεῖ
1027 3159 1201 3226 εἶναι·
1249 3165 1346 3225 καὶ
1376 3159 1662 3236 Εὔπολις
1687 3160 1948 3226 Πόλεσι·
1981 3169 2190 3236 Τῆνος
2213 3158 2278 3227 δέ
2294 3164 2360 3247 γ’
2391 3164 2429 3238 ἡ

320 3260 614 3336 πολλοὺς
652 3262 891 3348 ἔχουσα
930 3266 1300 3348 σκορπίους.
1395 3260 1883 3347 Καλλίστρατος
1913 3258 1976 3329 δὲ
2006 3266 2104 3327 ἐπὶ
2133 3264 2206 3326 τὸ
2237 3269 2434 3350 σαφὲς

321 3360 695 3448 κατηνέχθη,
730 3366 806 3438 ὁς
836 3358 1314 3449 σκοροὸοφόρου
1344 3372 1457 3439 τῆς
1484 3372 1609 3449 γῆς
1636 3362 1852 3440 οὔσης.
1902 3360 1999 3429 διὸ
2029 3369 2124 3429 καὶ
2157 3366 2229 3429 τὸ
2263 3367 2429 3451 παρὰ

318 3462 701 3551 Ἀντιμάχῳ·
748 3467 957 3542 Τήνου
1000 3466 1055 3529 τ’
1095 3469 1221 3551 ὀφ.,
1262 3466 1341 3530 οὗ
1379 3463 1600 3541 καλῶς
1641 3465 1808 3551 ἔχειν
1856 3462 2042 3530 δοκεῖ.
2133 3464 2430 3543 (Kiisteri

321 3566 520 3629 editio
551 3567 797 3653 praebet
838 3568 915 3633 οὐ
948 3571 1171 3644 κακῶς,
1201 3567 1373 3654 quod
1422 3566 1649 3647 fitium
1699 3565 2166 3630 Hemsterhusii
2211 3577 2430 3631 notam

316 3668 554 3755 legenti
600 3669 917 3755 imponere
962 3677 1209 3755 potest:
1266 3668 1379 3733 sed
1427 3666 1654 3732 vitium
1707 3667 2096 3754 typographi
2148 3667 2216 3733 id
2269 3690 2431 3748 esse,

316 3770 662 3836 anteriores
707 3769 1008 3858 quaedam
1049 3771 1195 3836 edd.
1235 3792 1277 3835 a
1320 3792 1420 3835 me
1459 3770 1764 3856 inspectae
1810 3769 2130 3847 vincunt.)
2215 3770 2448 3835 Tenus·

318 3881 469 3936 nota
506 3872 697 3937 maris
734 3871 927 3959 AEgei
975 3873 1203 3950 insula,
1232 3872 1533 3959 passibus
1581 3871 1753 3935 mille
1799 3872 1884 3935 ab
1924 3869 2146 3935 Andro
2176 3870 2429 3935 dissita.

319 3971 507 4039 Hanc
554 3975 705 4039 olim
746 3985 813 4039 et
858 3972 1258 4063 ‘Y'Bpoi'meav
1299 3981 1365 4038 et
1405 3973 1800 4061 Ὀφίουσσαν
1843 3971 2227 4059 appellatam
2269 3994 2436 4051 esse,

317 4073 507 4139 docet
556 4074 783 4162 Steph.
828 4075 997 4163 Byz.
1036 4074 1103 4139 h.
1146 4099 1227 4153 v.,
1264 4075 1452 4161 cujus
1495 4081 1919 4161 segmentum,
1950 4069 2264 4136 Athenoeo
2311 4094 2432 4135 suo

322 4175 410 4242 11.
454 4200 514 4263 p.
556 4178 661 4243 43.
708 4178 791 4242 D.
834 4178 941 4243 hic
982 4178 1222 4257 relicto,
1272 4177 1619 4263 exscripsit
1669 4175 1975 4241 Eustath.
2022 4175 2104 4238 ad
2156 4173 2429 4261 Dionys.
