3125 5009
797 348 1266 399 FRAGMENTA
1308 350 1655 400 INCERTAE
1691 350 1923 401 sams.
2281 329 2415 398 127

1193 786 1534 851 LXXXV.

307 1027 461 1096 Γαιη
509 1018 606 1087 δα·
652 1022 770 1097 τὴν
818 1017 1092 1106 Φοίβην.
1185 1022 1598 1109 Ἀντίμαχος.
1691 1020 1981 1109 Hesych.
2025 1022 2104 1087 ad
2150 1047 2214 1111 q.
2245 1025 2286 1087 l.
2319 1024 2411 1089 sic

308 1122 561 1209 egregie
579 1122 1135 1187 Hemsterhusius:
1185 1124 1312 1189 Per
1332 1123 1588 1212 Φοίβην
1611 1125 2029 1212 intelligenda
2045 1135 2143 1190 est
2165 1126 2417 1207 Phaebe,

310 1224 453 1290 Coei
483 1226 593 1313 qui
633 1225 947 1290 Latonam
990 1226 1216 1311 genuit
1254 1248 1445 1307 soror,
1482 1224 1642 1292 Coelz·
1677 1225 2001 1313 Terraque
2025 1228 2160 1292 filia
2178 1252 2196 1309 ;
2240 1230 2417 1295 ideo-

299 1348 429 1414 que
463 1326 724 1405 Γαιηΐὸα
750 1326 919 1391 dixit
946 1326 1397 1406 AntimachuS,
1420 1337 1612 1414 poeta
1633 1338 1706 1393 ut
1735 1330 2070 1411 obscurm,
2088 1330 2181 1395 sic
2203 1332 2414 1395 erudi-

297 1438 429 1508 tae,
459 1428 1003 1516 quemadmodum
1036 1429 1315 1495 Homero
1352 1436 1610 1508 Γαιῆἳος
1652 1434 1790 1507 υἱὸς
1823 1430 2246 1517 Tityus.—V.
2281 1432 2414 1496 He-

306 1531 467 1597 siod.
498 1540 574 1599 Θ.
609 1532 758 1595 136.
789 1540 853 1595 et
882 1531 1062 1597 alios.
2218 1534 2224 1540 ’

1163 1914 1545 1981 LXXXVI.

300 2159 627 2223 HESYCH.
672 2156 1095 2244 Ἑανηφόρος·
1144 2161 1183 2234 ἡ
1230 2158 1427 2237 Ἠὼς,
1478 2156 1651 2245 rapui
1700 2124 2084 2245 'Avrtpaoixqg-
2176 2158 2414 2223 Glossa

296 2260 637 2349 perspicua
664 2268 778 2323 est.
871 2259 1040 2322 Nam
1068 2281 1214 2323 eum
1247 2262 1430 2335 ἑανὸς
1460 2260 1858 2323 substantive
1888 2260 2142 2324 dicatur
2163 2260 2418 2336 πέπλος
2514 2310 2526 2321 .

305 2369 398 2445 (v.
432 2361 652 2426 Clark.
687 2360 766 2426 ad
802 2360 992 2423 Hom.
1027 2359 1101 2424 ll.
1131 2390 1199 2446 γ.
1225 2360 1424 2440 385.),
1457 2362 1811 2448 ἑανηφόρος
1837 2361 2013 2437 Ἠὼς
2037 2361 2259 2425 eadem
2291 2369 2417 2450 est,

298 2488 447 2553 quae
480 2464 759 2528 Homero
790 2462 1249 2549 κροκόπεπλος,
1283 2462 1357 2525 ΙΙ.
1391 2467 1454 2527 3.
1491 2482 1534 2526 1.
1566 2472 1632 2526 et
1659 2462 1741 2527 al.
1833 2461 1939 2527 Sic
1967 2471 2031 2526 et
2062 2461 2422 2549 Lampetie,

300 2568 465 2631 Solis
491 2567 644 2645 filia,
675 2562 1081 2637 τὰνΰπεπλος
1113 2562 1242 2627 Od.
1275 2592 1342 2647 μ.
1372 2564 1519 2627 375.

1141 2983 1565 3049 LXXXVII.

299 3234 626 3298 HESYCH.
660 3232 1081 3296 Εἶσκονιανοί·
1128 3231 1188 3293 οἱ
1218 3227 1514 3315 Ἐφέσιοι,
1547 3228 1637 3302 ὡς
1665 3228 2076 3315 Ἀντίμαχος·
2138 3231 2406 3319 Duplex

297 3334 508 3401 vitiosi
531 3330 825 3397 vocabuli
858 3330 1221 3394 emendatio
1250 3339 1369 3407 est,
1388 3328 1590 3392 altera
1622 3327 1905 3408 Kiisteri‚
1930 3334 1991 3395 οἱ
2019 3336 2408 3417 Σαμονιανοί

294 3444 366 3519 (a
398 3439 704 3521 Σαμουία,
731 3432 996 3520 antiquo
1017 3431 1274 3496 nomine
1299 3429 1668 3516 Ephesi,V.
1698 3428 1984 3516 Hesych.
2010 3456 2068 3497 v.
2101 3436 2408 3519 Σάμον.);

295 3542 499 3606 altera
526 3534 844 3623 Sopingii,
872 3533 1281 3598 dissolventis
1320 3530 1532 3600 ἐΐσκον
1561 3531 1820 3599 Ἰανναί.
1915 3531 2077 3598 Haee
2115 3536 2404 3622 quidem,

296 3643 562 3731 probata
603 3637 795 3703 etiam
829 3634 1064 3700 Vossio
1108 3635 1189 3699 ad
1234 3633 1472 3699 Catull.
1514 3656 1580 3721 p.
1613 3634 1762 3697 220.
1795 3655 2164 3722 magnoque
2205 3636 2405 3702 Hem-

297 3743 579 3810 sterhuS.
632 3739 716 3803 ad
772 3737 1086 3824 Hesych.,
1121 3736 1332 3823 magis
1373 3734 1531 3799 mihi
1579 3734 1835 3813 arridet,
1881 3735 2004 3800 hoo
2049 3740 2403 3823 praesertim

295 3855 693 3934 argumento,
712 3839 885 3927 quod
913 3838 1103 3904 verba
1116 3838 1347 3902 melius
1364 3836 1832 3902 accommodari
1856 3845 2154 3923 poterant
2175 3841 2406 3920 versui,

298 3971 494 4037 quam
539 3947 942 4030 Σαμονιανοί.
1032 3942 1336 4006 Attamen
1380 3961 1510 4005 non
1555 3940 1904 4005 advertisse
1941 3941 2261 4022 videntur,
2290 3945 2404 4030 qui

298 4050 560 4138 Soping.
613 4046 1000 4132 conjecturae
1052 4045 1288 4123 favent,
1339 4043 1446 4108 hic
1484 4042 1735 4111 ’Ίαυνοί
1784 4064 1924 4107 esse
1979 4066 2095 4130 pro
2136 4044 2407 4125 Ἴαννες,

297 4152 643 4218 durissimo
682 4146 1121 4234 metaplasmo.
1213 4144 1499 4232 Hesych.
1534 4170 1594 4210 v.
1628 4145 1869 4212 Ἴαννα.
1935 4146 2110 4213 Ἐπεὶ
2146 4145 2408 4223 Ἴανυας
