3125 5009
739 337 834 405 24
1348 349 1797 398 Axrirmcm
1844 346 2244 403 amioum.

743 504 889 576 Nisi
920 504 1082 568 forte
1112 501 1240 567 duo
1281 500 1529 565 diversa
1571 508 1864 586 poemata
1907 496 2027 560 hac
2070 493 2486 581 inscriptione
2527 491 2845 556 exstitisse

741 605 978 671 dixeris
998 630 1017 685 3
1062 604 1174 669 sed
1219 603 1284 667 id
1323 603 1548 689 utique
1588 609 1777 679 esset,
1808 606 2236 664 commentum
2280 618 2445 661 novo
2489 604 2845 660 commento

741 708 1080 773 defendere
1125 705 1305 772 velle.
1413 704 1540 768 Per
1584 724 1688 769 me
1733 712 1943 766 tamen
1994 709 2217 765 teneas
2269 698 2422 763 licet
2473 696 2844 761 Antimachi

743 810 1099 898 Epigonos,
1127 817 1192 873 et
1231 806 1356 871 nisi
1396 808 1568 871 ultra
1602 804 1831 869 horum
1872 803 2034 868 adeo
2081 811 2369 887 tempora
2408 808 2662 887 poetam
2702 822 2847 886 pro-

743 913 1013 977 cessisse
1059 909 1434 988 ostenderis,
1480 908 1705 973 eadem
1750 905 2038 971 manebit
2089 904 2156 968 in
2204 902 2591 991 Fragmento
2638 901 2842 965 XXII

744 1014 1034 1081 offensio.
2700 1027 2709 1034 ·

834 1116 980 1181 Non
1021 1112 1228 1199 magis
1267 1121 1442 1177 certa
1492 1111 1573 1175 de
1618 1110 1861 1175 ambitu
1906 1106 2253 1173 Thebaidis
2294 1106 2517 1172 afferre
2562 1128 2843 1193 possum.

747 1219 1153 1305 Fragmenta,
1183 1237 1330 1303 quae
1359 1236 1511 1279 cum
1538 1213 1685 1277 libri
1715 1222 1864 1277 nota
1893 1211 2259 1289 laudantur,
2284 1210 2586 1297 quintum
2613 1207 2846 1272 librum

745 1342 876 1385 non
929 1318 1274 1384 excedunt.
1387 1315 1516 1381 Sed
1573 1316 1779 1380 multo
1826 1313 2023 1378 fuisse
2070 1312 2302 1400 plureS,
2348 1311 2499 1400 quis
2546 1310 2845 1375 dubitet?

748 1422 954 1486 Immo
1001 1441 1257 1485 carmen
1304 1418 1571 1503 longum
1618 1426 1681 1481 et
1718 1416 2032 1481 diffusum
2076 1416 2266 1501 plura
2307 1413 2583 1478 suadent
2614 1422 2686 1477 ut
2714 1434 2849 1478 cre-

745 1524 997 1602 damuS,
1047 1520 1408 1609 suspicione
1456 1541 1538 1584 ex
1585 1519 1743 1605 ipsis
1787 1518 1975 1583 etiam
2023 1516 2331 1604 reliquiis·
2354 1516 2691 1597 firmanda,
2735 1515 2846 1579 ubi

746 1625 912 1689 libro
941 1623 1167 1711 quinto
1195 1623 1408 1686 adhuc
1444 1642 1541 1685 res
1572 1622 1640 1683 in
1671 1620 1931 1685 Adrasti
1963 1620 2151 1684 domo
2182 1618 2317 1707 geri
2347 1617 2675 1705 probabile
2703 1618 2846 1682 fit.*

751 1726 930 1801 Quid
961 1734 1174 1790 autem
1205 1724 1271 1787 in
1302 1722 1562 1789 incertis
1593 1743 1935 1803 moramur,
1955 1744 2102 1787 cum
2134 1720 2446 1785 disertum
2474 1720 2646 1785 adsit
2672 1718 2853 1784 testi-

746 1827 1030 1894 monium
1065 1826 1444 1891 Scholiastae
1470 1824 1833 1905 Horatiani,
1855 1824 2045 1911 plane
2074 1824 2369 1905 dicentiS,
2390 1823 2851 1889 Antimachum

744 1930 1080 1996 materiam
1103 1950 1285 1993 suam
1311 1927 1403 1992 sic
1436 1926 1825 2006 extendisse,
1856 1935 1931 1990 ut
1960 1926 2189 2013 viginti
2220 1936 2497 2013 quatuor
2527 1926 2853 1991 volumina

745 2031 1122 2118 impleverit,
1141 2039 1489 2118 antequam
1519 2037 1764 2114 septem
1795 2028 1992 2093 duces
2022 2016 2105 2092 ad
2133 2028 2388 2093 Thebas
2404 2028 2852 2115 perduceret.†

746 2135 962 2209 Quam
992 2133 1267 2197 immane
1310 2153 1473 2217 opus
1512 2130 1607 2195 sic
1647 2130 1817 2195 exire
1856 2129 2171 2212 debuerit,
2204 2153 2319 2217 per
2348 2153 2414 2195 se
2444 2139 2640 2217 patet,
2672 2133 2850 2220 quod

745 2257 873 2300 non
904 2234 1219 2299 immerito
1248 2233 1482 2320 aliquis
1515 2231 2001 2299 Nonnianorum
2028 2232 2335 2299 librorum
2366 2256 2701 2298 numerum
2738 2256 2853 2299 ex-
2896 2310 2901 2314 .

743 2337 966 2403 cedere
995 2336 1364 2401 universum
1394 2342 1658 2413 statuat.

835 2440 1052 2505 Nolim
1101 2450 1315 2503 tamen
1361 2460 1492 2501 rem
1539 2458 1692 2501 sane
1731 2436 1977 2515 miram,
2023 2437 2106 2502 ab
2157 2461 2285 2504 uno
2330 2449 2397 2504 et
2434 2440 2695 2526 quidem
2735 2441 2851 2505 tali

743 2551 1005 2607 auctore
1043 2547 1368 2618 testatam,
1410 2560 1522 2625 pro
1574 2538 1902 2625 explorata
1940 2540 2181 2605 haberi.
2270 2542 2487 2630 Atque
2522 2542 2691 2607 idem
2720 2544 2851 2623 ille,

743 2652 1060 2732 quantum
1085 2643 1294 2721 vide0,
1319 2664 1486 2706 unus
1505 2651 1728 2706 auctor
1749 2652 1870 2723 est,
1892 2642 1995 2707 cui
2018 2644 2299 2731 vulgaris
2322 2645 2537 2732 opinio
2560 2645 2851 2724 debetur,

743 2770 894 2835 quae
935 2746 1397 2811 Antimachum
1438 2744 1700 2832 cyclicis
1731 2756 2128 2825 annumerat,
2158 2748 2431 2836 ejusque
2454 2748 2849 2813 Thebaidem

743 2850 910 2935 cycli
957 2850 1120 2936 epici
1160 2858 1404 2935 partem
1438 2847 1658 2932 facit.‡
1747 2847 1957 2936 Cujus
1996 2849 2393 2915 collectionis
2428 2852 2591 2916 ratio
2622 2876 2851 2939 quam-

823 3055 855 3088 *
897 3052 974 3110 V.
1007 3053 1102 3111 Fr.
1130 3054 1236 3112 IX.
1269 3062 1327 3111 et
1355 3072 1484 3132 sqq.
1515 3072 1587 3113 ex
1615 3053 1919 3133 AthenaeO.

823 3154 862 3215 †
907 3144 1042 3223 Ipsa
1064 3145 1238 3204 verba
1264 3156 1402 3203 sunt
1431 3146 1859 3224 Porphyrionis„
1889 3166 2061 3226 quem
2084 3158 2315 3222 vocant,
2346 3148 2421 3209 ad
2450 3151 2658 3210 Horat.
2678 3154 2751 3213 A.
2775 3154 2846 3211 Ρ.

741 3257 790 3295 v.
834 3240 964 3297 146.
987 3256 1119 3296 cum
1148 3236 1240 3295 his
1268 3237 1340 3295 cf.
1377 3238 1589 3296 Acron.
1622 3238 1662 3297 l.
1698 3258 1750 3296 c.
1784 3258 1901 3317 quo
1941 3239 2205 3299 nonnulli
2240 3241 2577 3322 interpretes
2622 3245 2849 3304 Horatii

740 3328 991 3407 decepti,
1025 3328 1439 3388 Antimachum
1469 3348 1619 3388 novo
1639 3330 1870 3409 insuper
1888 3335 2141 3391 carmine
2162 3334 2234 3392 de
2259 3336 2563 3395 Diomedis
2589 3339 2782 3396 reditu
2804 3358 2846 3397 a

750 3421 929 3497 Trqja
956 3419 1266 3480 donarunt.
1350 3422 1466 3480 Sed
1494 3421 1554 3480 id
1585 3422 1827 3481 Acronis
1855 3423 2137 3497 scholion,
2168 3445 2284 3484 non
2326 3426 2550 3499 dubito,
2586 3430 2726 3507 quin
2769 3431 2848 3489 ab

739 3511 975 3572 indocta
1003 3522 1064 3571 et
1098 3512 1412 3573 recentiore
1449 3534 1626 3573 manu
1668 3515 1913 3593 margini
1951 3518 2279 3594 appositum
2323 3520 2410 3578 sit.
2492 3522 2764 3581 Ceterum
2794 3524 2846 3582 si

738 3604 1070 3683 exemplum
1101 3605 1336 3683 quaeris,
1375 3606 1671 3684 quomodo
1699 3606 1914 3665 fabulae
1952 3622 2217 3669 crescant
2256 3611 2471 3684 eunde,
2501 3613 2631 3673 vide
2663 3615 2846 3675 Dale-

739 3715 932 3774 camp.
964 3695 1039 3756 ad
1071 3696 1282 3757 Athen.
1318 3698 1456 3757 Not.
1489 3717 1548 3776 p.
1584 3702 1721 3757 774.
1789 3699 1960 3759 Unde
1990 3704 2322 3779 cognoverit
2347 3704 2463 3779 ille,
2484 3705 2844 3769 Thebaidem

739 3787 1074 3846 Antimachi
1101 3798 1283 3848 morte
1314 3790 1692 3869 interruptam
1722 3791 1921 3864 fuisse,
1953 3793 2063 3854 hoc
2093 3796 2237 3855 scire
2266 3796 2458 3857 velim.

820 3888 846 3951 1
891 3880 966 3938 V.
997 3880 1198 3939 eadem
1237 3881 1434 3940 Schol.
1469 3882 1541 3941 ad
1578 3903 1631 3941 v.
1671 3885 1804 3943 136.
1846 3885 1944 3943 ubi
1985 3887 2228 3948 Acronis
2260 3890 2439 3949 fertur
2476 3891 2700 3951 misella
2736 3896 2847 3953 ob-

735 3972 1015 4031 servatio:
1085 3972 1360 4049 Gya-licus
1391 3984 1574 4050 poeta
1616 3985 1723 4048 est,
1760 3980 1864 4055 qui
1896 3981 2155 4039 ordine-m
2189 3984 2421 4041 variare
2466 3987 2652 4045 nescit
2668 4011 2687 4051 ,-
2748 3990 2850 4047 vel

731 4065 835 4141 qui
863 4066 1126 4123 carmina
1157 4084 1267 4122 sua
1295 4068 1663 4143 circumfert,
1698 4070 1871 4146 quasi
1910 4073 2450 4149 circumforaneus:
2496 4088 2605 4135 aut
2634 4100 2845 4140 nomen

719 4158 1024 4232 proprium
1053 4166 1141 4215 est
1168 4156 1466 4233 Cyelious,
1493 4168 1552 4218 et
1577 4154 1878 4238 siynfficdt
1906 4153 2325 4226 Antimachum
2344 4178 2601 4249 poetam.
2692 4171 2845 4233 Inde
