3125 5009
1035 357 1477 411 ΑΝτιΜΑοΗῐ
1517 360 1719 408 νιΤΑ.
2336 342 2415 410 ll

313 501 433 565 otii
459 503 526 565 in
551 502 674 567 hoc
697 524 824 568 non
848 526 1098 593 semper
1114 508 1406 593 jucunde
1429 510 1753 575 consumti
1782 509 2119 597 dispendio
2149 510 2425 576 fructum

313 604 506 669 valde
535 605 840 692 imparem
870 606 1071 673 fuisse
1101 610 1294 690 sensi,
1319 619 1384 675 et
1407 611 1620 676 dicam
1640 620 1861 699 postea
1880 612 2199 677 disertius.
2276 612 2424 678 Non

311 706 544 771 dubito
584 722 820 788 tamen,
865 710 1020 797 quin
1065 734 1104 775 a
1143 711 1534 778 doctioribus
1565 723 1632 778 et
1662 714 1883 780 critica
1910 725 2044 780 arte
2075 715 2281 802 magis
2310 715 2429 778 im-

315 808 492 872 butis
537 809 680 875 haec
724 833 822 875 res
869 812 1082 877 adhuc
1130 814 1358 881 melius
1397 816 1613 901 perfici
1654 817 1877 903 possit,
1924 840 2121 903 quam
2153 816 2428 903 juvenili

319 921 554 976 conatu
584 934 723 977 meo
753 935 924 977 nunc
956 914 1195 980 factum
1225 926 1340 981 est.
1411 915 1665 991 Quodsi
1698 940 1843 983 vero
1872 918 1999 983 ista
2026 941 2193 1006 spes,
2216 918 2428 983 Latini

318 1026 525 1102 poetae
565 1039 600 1081 e
630 1018 864 1083 Graeco
910 1019 1084 1084 fonte
1123 1020 1484 1087 illustrandi
1517 1021 1996 1101 emendandive,
2037 1022 2300 1088 omnino
2343 1022 2427 1087 ad

318 1118 566 1183 irritum
611 1120 935 1200 ceciderit,
977 1122 1106 1185 alia
1146 1122 1409 1211 insuper
1448 1122 1510 1185 in
1558 1132 1812 1210 promtu
1853 1133 2031 1203 sunt,
2066 1147 2216 1211 quae
2246 1124 2433 1189 Anti-

319 1220 535 1285 machi
563 1222 848 1287 studium
878 1223 1290 1311 antiquarum
1317 1224 1550 1291 artium
1580 1226 1816 1313 cupido
1840 1227 2089 1313 possint
2111 1248 2433 1292 commen·

321 1323 495 1403 dare,
524 1331 914 1412 tenuemque
937 1325 1104 1391 hanc
1127 1348 1164 1389 a
1190 1348 1292 1391 me
1311 1326 1661 1393 insumtam
1684 1350 1899 1392 curam
1924 1329 2136 1393 fructu
2157 1350 2279 1393 suo
2301 1351 2429 1394 non

318 1448 581 1513 prorsus
611 1438 934 1514 expertem
966 1428 1322 1493 ostendere.
1414 1428 1595 1495 Inter
1631 1451 1781 1518 quae
1823 1452 2023 1495 unum
2051 1430 2209 1495 mihi
2240 1430 2435 1495 liceat

319 1528 636 1615 attingere
667 1529 804 1595 Cel.
837 1528 1163 1595 Suchforti
1201 1532 1474 1612 verbis,‘
1509 1534 1685 1621 quod
1711 1532 1791 1597 ad
1823 1541 2115 1597 nostrum
2146 1532 2432 1620 apprime

323 1630 638 1715 pertinere
667 1630 943 1697 videtur.
1035 1632 1284 1719 Nempe
1314 1633 1380 1696 in
1414 1634 1671 1713 talibus,
1711 1634 2007 1721 quamvis
2047 1634 2337 1720 abruptis
2368 1643 2435 1697 et

320 1731 637 1797 mutilatis
666 1734 1132 1821 deperditorum
1165 1735 1518 1800 carminum
1560 1735 1914 1823 particulis,
1952 1735 2163 1800 multa
2197 1736 2433 1821 passim

321 1834 600 1921 vestigia
639 1835 848 1901 doctae
889 1837 1299 1924 antiquitatis
1329 1847 1627 1923 poterunt
1654 1838 2092 1915 animadverti,
2121 1837 2437 1923 complec-

323 1945 680 2023 tunturque
741 1938 903 2003 adeo
962 1939 1212 2025 sylvam
1273 1941 1596 2026 quandam
1655 1940 1913 2003 uberem
1981 1948 2047 2002 et
2076 1939 2434 2027 xcopiosam

323 2037 744 2125 omniumque
785 2040 912 2105 fere
954 2041 1577 2121 rerum'confertam,
1620 2064 1767 2128 quae
1806 2040 2092 2105 animum
2129 2034 2436 2107 varietate

323 2141 674 2228 plurimum
699 2142 1034 2224 delectare,
1059 2143 1346 2208 discendi
1371 2145 1635 2209 avidum
1658 2144 1931 2209 multum
1953 2144 2201 2231 juvare,
2226 2154 2291 2208 et
2314 2145 2440 2208 ele-

323 2243 638 2331 gantioris
677 2244 987 2309 doctrinae
1029 2246 1319 2311 studioso
1348 2246 1899 2332 jucundissimum
1925 2245 2208 2333 praebere
2236 2245 2440 2332 possit

323 2346 663 2433 pabulum,
708 2368 838 2433 quo
877 2347 1209 2434 ingenium
1250 2347 1460 2412 alatur
1491 2357 1558 2413 et
1586 2358 1870 2415 acuatur.
1962 2349 2267 2414 Historiae
2299 2348 2442 2437 qui-

325 2448 478 2512 dem
503 2457 569 2512 et
589 2448 995 2535 antiquitatis
1017 2450 1219 2537 copiae
1250 2471 1458 2514 rerum
1489 2452 1834 2517 multarum
1866 2450 2193 2538 exquisita
2221 2459 2289 2515 et
2317 2451 2442 2514 ele-

331 2551 516 2639 ganti
547 2552 840 2617 doctrina
867 2552 1058 2617 ditari
1091 2574 1170 2616 ex
1202 2552 1281 2616 iis
1311 2561 1378 2616 et
1404 2551 1775 2640 locupletari
1810 2561 2103 2639 possunt,
2127 2552 2441 2640 imprimis

331 2654 386 2717 si
420 2652 487 2717 in
511 2652 722 2717 sontes
749 2664 815 2718 et
843 2654 1122 2741 origines
1146 2654 1424 2741 alicujus
1453 2654 1835 2719 narrationis
1865 2654 2183 2741 inquirere
2204 2654 2445 2718 consti-

333 2756 552 2821 tueris.
668 2756 912 2844 Insigni
959 2756 1153 2821 etiam
1203 2778 1433 2837 rerum,
1479 2756 1558 2819 ad
1620 2764 1929 2821 terrarum
1980 2756 2447 2843 regionumque

333 2858 800 2947 descriptiones
842 2880 1100 2946 remque
1135 2856 1490 2945 mythicam
1533 2857 2010 2945 pertinentium,
2054 2858 2239 2945 copia
2278 2858 2449 2944 frag-

333 2971 554 3025 menta
593 2961 719 3025 ista
747 2961 977 3025 florent
1005 2971 1070 3025 et
1104 2960 1459 3043 abundant.
1553 2960 1801 3024 Harum
1838 2960 2033 3049 igitur
2062 2982 2271 3025 rerum
2310 2969 2449 3025 stu-

335 3063 532 3143 diosi,
567 3085 694 3128 non
738 3072 838 3128 est
867 3062 1164 3143 dubium,
1206 3062 1366 3150 quin
1396 3063 1603 3127 multa
1632 3063 1716 3127 ab
1758 3061 1858 3125 his
1888 3062 2175 3149 reliquiis
2204 3084 2335 3127 non
2362 3061 2443 3126 ad

335 3166 732 3253 voluptatem
772 3167 977 3230 solum
1016 3166 1330 3252 jucunda,
1371 3166 1483 3229 sed
1531 3164 1717 3229 utilia
1757 3165 1952 3230 etiam
1990 3174 2057 3229 et
2096 3164 2452 3229 necessaria

336 3276 577 3354 petere,
629 3284 846 3355 exque
883 3267 962 3333 iis
1014 3267 1266 3331 haurire
1319 3266 1593 3353 possint,
1644 3266 1881 3353 quibus
1933 3266 2079 3331 illas
2127 3265 2452 3331 doctrinas

336 3370 544 3435 ditare
573 3379 640 3436 et
666 3371 982 3435 illustrare
1007 3370 1279 3435 valeant.
1368 3368 1644 3435 Accedit
1664 3369 1744 3432 ad
1772 3369 1934 3449 haec,
1959 3368 2131 3455 quod
2159 3366 2455 3432 Antima-

333 3472 502 3538 chus
531 3482 720 3561 poeta
747 3472 801 3536 is
831 3480 951 3553 est,
975 3473 1087 3560 qui
1114 3471 1552 3559 exquisitioris
1577 3470 1878 3536 dictionis
1904 3470 2173 3557 poeticae
2196 3470 2452 3535 laudem

335 3576 513 3662 apud
534 3576 834 3663 antiquos
857 3575 1050 3640 habui
1060 3585 1107 3654 t,
1129 3584 1194 3639 et
1217 3574 1557 3653 rarioribus
1581 3574 1663 3638 ab
1687 3595 1939 3661 usuque
1958 3572 2205 3659 vulgari
2224 3572 2458 3636 abhor-

336 3678 630 3744 rentibus
673 3678 998 3743 vocabulis
1038 3700 1169 3765 prae
1210 3677 1456 3755 ceteris,
1497 3686 1562 3741 et
1592 3676 1672 3741 ad
1706 3674 2159 3739 obscuritatem
2189 3679 2457 3759 usque-1-

339 3782 588 3847 abusus
627 3790 746 3860 est,
775 3780 945 3844 unde
974 3781 1241 3859 factum,
1273 3789 1347 3843 ut
1386 3778 1562 3843 hunc
1595 3778 1875 3842 maxime
1919 3777 2145 3841 sedulo
2174 3777 2457 3861 legerent

338 3883 766 3948 Alexandrini
798 3893 1023 3970 poetae,
1042 3882 1312 3969 ejusque
1338 3882 1601 3946 doctum
1627 3901 1978 3944 sermonem
2008 3877 2321 3943 imitando
2349 3899 2462 3940 ex·

515 4151 548 4184 ⁴·
589 4146 938 4222 Fragmenta
964 4142 1273 4203 Stesichori
1305 4142 1483 4221 lyrici.
1570 4141 1871 4219 Goetting.
1910 4142 2082 4199 1771.
2115 4160 2172 4218 p.
2204 4144 2259 4199 4.

519 4248 556 4311 †
601 4241 670 4299 V.
694 4237 919 4297 Ernesti
955 4236 1082 4296 Ind.
1113 4235 1360 4296 historic.
1391 4235 1446 4293 in
1480 4234 1740 4293 Ciceron.
1769 4255 1818 4293 v.
1850 4232 2242 4292 Antimachus.
