<?xml version="1.0" encoding="UTF-8"?>
<!DOCTYPE html PUBLIC "-//W3C//DTD XHTML 1.0 Transitional//EN"
    "http://www.w3.org/TR/xhtml1/DTD/xhtml1-transitional.dtd">
<html xmlns="http://www.w3.org/1999/xhtml" xml:lang="en" lang="en">
 <head>
  <title>
</title>
<meta http-equiv="Content-Type" content="text/html;charset=utf-8" />
  <meta name='ocr-system' content='tesseract 3.04.00' />
  <meta name='ocr-capabilities' content='ocr_page ocr_carea ocr_par ocr_line ocrx_word'/>
</head>
<body>
  <div class='ocr_page' id='page_1' title='image "antimachicoloph00wolfgoog_0047.png"; bbox 0 0 3125 5009; ppageno 0'>
   <div class='ocr_carea' id='block_1_1' title="bbox 689 312 2188 393">
    <p class='ocr_par' dir='ltr' id='par_1_1' title="bbox 689 312 2188 393">
     <span class='ocr_line' id='line_1_1' title="bbox 689 312 2188 393; baseline -0.005 -4"><span class='ocrx_word' id='word_1_1' title='bbox 689 312 785 380; x_wconf 91' lang='lat'><strong>34</strong></span> <span class='ocrx_word' id='word_1_2' title='bbox 1291 338 1739 387; x_wconf 72' lang='grc' dir='ltr'><strong>ΑΝΤιΜΑοΗῐ</strong></span> <span class='ocrx_word' id='word_1_3' title='bbox 1780 335 2188 393; x_wconf 77' lang='lat' dir='ltr'><strong>RELIQUIAE.</strong></span> 
     </span>
    </p>
   </div>
   <div class='ocr_carea' id='block_1_2' title="bbox 689 475 2814 3119">
    <p class='ocr_par' dir='ltr' id='par_1_2' title="bbox 689 475 2814 3119">
     <span class='ocr_line' id='line_1_2' title="bbox 689 475 2801 592; baseline 0.001 -50"><span class='ocrx_word' id='word_1_4' title='bbox 689 482 1122 567; x_wconf 72' lang='lat' dir='ltr'><strong>grammaticae</strong></span> <span class='ocrx_word' id='word_1_5' title='bbox 1154 495 1217 549; x_wconf 90' lang='lat' dir='ltr'><strong>et</strong></span> <span class='ocrx_word' id='word_1_6' title='bbox 1245 486 1482 551; x_wconf 75' lang='lat' dir='ltr'><strong>criticae</strong></span> <span class='ocrx_word' id='word_1_7' title='bbox 1501 487 1655 552; x_wconf 85' lang='lat' dir='ltr'><strong>artis</strong></span> <span class='ocrx_word' id='word_1_8' title='bbox 1674 486 1980 573; x_wconf 79' lang='lat' dir='ltr'>originem</span> <span class='ocrx_word' id='word_1_9' title='bbox 1998 484 2080 549; x_wconf 91' lang='lat' dir='ltr'><strong>ad</strong></span> <span class='ocrx_word' id='word_1_10' title='bbox 2109 478 2521 592; x_wconf 79' lang='lat' dir='ltr'><strong>Aristotelem</strong></span> <span class='ocrx_word' id='word_1_11' title='bbox 2538 475 2801 538; x_wconf 81' lang='lat' dir='ltr'><strong>demum</strong></span> 
     </span>
     <span class='ocr_line' id='line_1_3' title="bbox 693 577 2801 689; baseline -0.002 -44"><span class='ocrx_word' id='word_1_12' title='bbox 693 603 732 645; x_wconf 92' lang='lat' dir='ltr'><strong>a</strong></span> <span class='ocrx_word' id='word_1_13' title='bbox 761 581 973 647; x_wconf 91' lang='lat' dir='ltr'><strong>Dione</strong></span> <span class='ocrx_word' id='word_1_14' title='bbox 1004 584 1342 668; x_wconf 72' lang='lat' dir='ltr'><strong>Prusae0,*</strong></span> <span class='ocrx_word' id='word_1_15' title='bbox 1369 588 1647 675; x_wconf 86' lang='lat' dir='ltr'><strong>aliisque</strong></span> <span class='ocrx_word' id='word_1_16' title='bbox 1677 588 1913 667; x_wconf 90' lang='lat' dir='ltr'><strong>referri,</strong></span> <span class='ocrx_word' id='word_1_17' title='bbox 1942 596 2018 653; x_wconf 89' lang='lat' dir='ltr'><strong>ut</strong></span> <span class='ocrx_word' id='word_1_18' title='bbox 2044 607 2121 651; x_wconf 91' lang='lat' dir='ltr'><strong>ea</strong></span> <span class='ocrx_word' id='word_1_19' title='bbox 2151 605 2255 648; x_wconf 88' lang='lat' dir='ltr'><strong>ars</strong></span> <span class='ocrx_word' id='word_1_20' title='bbox 2294 580 2445 645; x_wconf 88' lang='lat' dir='ltr'><strong>belh</strong></span> <span class='ocrx_word' id='word_1_21' title='bbox 2482 577 2801 689; x_wconf 74' lang='lat' dir='ltr'><strong>Pelopon-</strong></span> 
     </span>
     <span class='ocr_line' id='line_1_4' title="bbox 693 683 2801 795; baseline -0.002 -50"><span class='ocrx_word' id='word_1_22' title='bbox 693 683 930 747; x_wconf 88' lang='lat' dir='ltr'><strong>nesiaci</strong></span> <span class='ocrx_word' id='word_1_23' title='bbox 987 694 1266 773; x_wconf 88' lang='lat' dir='ltr'><strong>tempore</strong></span> <span class='ocrx_word' id='word_1_24' title='bbox 1312 690 1579 755; x_wconf 84' lang='lat' dir='ltr'><strong>vixdum</strong></span> <span class='ocrx_word' id='word_1_25' title='bbox 1629 689 1873 755; x_wconf 91' lang='lat' dir='ltr'><strong>homini</strong></span> <span class='ocrx_word' id='word_1_26' title='bbox 1927 709 2161 752; x_wconf 90' lang='lat' dir='ltr'><strong>nomen</strong></span> <span class='ocrx_word' id='word_1_27' title='bbox 2211 683 2445 748; x_wconf 79' lang='lat' dir='ltr'>addere</span> <span class='ocrx_word' id='word_1_28' title='bbox 2502 685 2801 795; x_wconf 78' lang='lat' dir='ltr'><strong>potuerit.</strong></span> 
     </span>
     <span class='ocr_line' id='line_1_5' title="bbox 694 783 2805 879; baseline -0.001 -33"><span class='ocrx_word' id='word_1_29' title='bbox 694 784 1011 866; x_wconf 80' lang='lat' dir='ltr'><strong>Accessit,</strong></span> <span class='ocrx_word' id='word_1_30' title='bbox 1039 791 1216 874; x_wconf 89' lang='lat' dir='ltr'><strong>quod</strong></span> <span class='ocrx_word' id='word_1_31' title='bbox 1245 798 1311 855; x_wconf 91' lang='lat' dir='ltr'><strong>et</strong></span> <span class='ocrx_word' id='word_1_32' title='bbox 1335 814 1508 856; x_wconf 88' lang='lat' dir='ltr'><strong>nunc</strong></span> <span class='ocrx_word' id='word_1_33' title='bbox 1540 815 1643 856; x_wconf 90' lang='lat' dir='ltr'><strong>me</strong></span> <span class='ocrx_word' id='word_1_34' title='bbox 1672 791 1930 879; x_wconf 87' lang='lat' dir='ltr'><strong>pungit,</strong></span> <span class='ocrx_word' id='word_1_35' title='bbox 1963 789 2362 874; x_wconf 90' lang='lat' dir='ltr'><strong>dubiumque</strong></span> <span class='ocrx_word' id='word_1_36' title='bbox 2390 783 2624 863; x_wconf 76' lang='lat' dir='ltr'><strong>reddit,</strong></span> <span class='ocrx_word' id='word_1_37' title='bbox 2648 802 2805 845; x_wconf 90' lang='lat' dir='ltr'><strong>eun-</strong></span> 
     </span>
     <span class='ocr_line' id='line_1_6' title="bbox 693 884 2803 980; baseline -0.001 -32"><span class='ocrx_word' id='word_1_38' title='bbox 693 884 842 949; x_wconf 93' lang='lat' dir='ltr'><strong>dem</strong></span> <span class='ocrx_word' id='word_1_39' title='bbox 900 888 1361 977; x_wconf 88' lang='lat' dir='ltr'><strong>philosophum</strong></span> <span class='ocrx_word' id='word_1_40' title='bbox 1416 894 1621 980; x_wconf 82' lang='lat' dir='ltr'><strong>vulgo·</strong></span> <span class='ocrx_word' id='word_1_41' title='bbox 1668 894 1948 980; x_wconf 87' lang='lat' dir='ltr'><strong>primum</strong></span> <span class='ocrx_word' id='word_1_42' title='bbox 2003 890 2267 955; x_wconf 81' lang='lat' dir='ltr'>Homeri</span> <span class='ocrx_word' id='word_1_43' title='bbox 2326 885 2803 951; x_wconf 81' lang='lat' dir='ltr'><strong>emendatorem</strong></span> 
     </span>
     <span class='ocr_line' id='line_1_7' title="bbox 693 988 2805 1102; baseline 0.006 -53"><span class='ocrx_word' id='word_1_44' title='bbox 693 990 1034 1070; x_wconf 85' lang='lat' dir='ltr'><strong>numerari,</strong></span> <span class='ocrx_word' id='word_1_45' title='bbox 1075 991 1271 1057; x_wconf 92' lang='lat' dir='ltr'><strong>immo</strong></span> <span class='ocrx_word' id='word_1_46' title='bbox 1300 1016 1461 1073; x_wconf 88' lang='lat' dir='ltr'><strong>esse,</strong></span> <span class='ocrx_word' id='word_1_47' title='bbox 1492 995 1607 1081; x_wconf 91' lang='lat' dir='ltr'><strong>qui</strong></span> <span class='ocrx_word' id='word_1_48' title='bbox 1642 994 2039 1059; x_wconf 89' lang='lat' dir='ltr'><strong>Zenodotum</strong></span> <span class='ocrx_word' id='word_1_49' title='bbox 2071 990 2427 1079; x_wconf 90' lang='lat' dir='ltr'><strong>Ephesium</strong></span> <span class='ocrx_word' id='word_1_50' title='bbox 2460 988 2805 1102; x_wconf 49' lang='lat' dir='ltr'><strong>prodant-sl·</strong></span> 
     </span>
     <span class='ocr_line' id='line_1_8' title="bbox 695 1087 2804 1202; baseline 0 -51"><span class='ocrx_word' id='word_1_51' title='bbox 695 1087 800 1153; x_wconf 87' lang='lat' dir='ltr'><strong>Ita</strong></span> <span class='ocrx_word' id='word_1_52' title='bbox 827 1089 1043 1157; x_wconf 81' lang='lat' dir='ltr'><strong>Suidae</strong></span> <span class='ocrx_word' id='word_1_53' title='bbox 1074 1116 1343 1159; x_wconf 88' lang='lat' dir='ltr'><strong>errorem</strong></span> <span class='ocrx_word' id='word_1_54' title='bbox 1372 1097 1478 1161; x_wconf 93' lang='lat' dir='ltr'><strong>hic</strong></span> <span class='ocrx_word' id='word_1_55' title='bbox 1505 1097 1900 1183; x_wconf 88' lang='lat' dir='ltr'><strong>suspicabar,</strong></span> <span class='ocrx_word' id='word_1_56' title='bbox 1931 1119 1971 1160; x_wconf 95' lang='lat' dir='ltr'><strong>a</strong></span> <span class='ocrx_word' id='word_1_57' title='bbox 1998 1118 2130 1180; x_wconf 89' lang='lat' dir='ltr'><strong>quo</strong></span> <span class='ocrx_word' id='word_1_58' title='bbox 2161 1094 2306 1159; x_wconf 88' lang='lat' dir='ltr'><strong>aliis</strong></span> <span class='ocrx_word' id='word_1_59' title='bbox 2336 1092 2529 1157; x_wconf 87' lang='lat' dir='ltr'><strong>etiam</strong></span> <span class='ocrx_word' id='word_1_60' title='bbox 2550 1112 2618 1153; x_wconf 79' lang='lat' dir='ltr'><strong>in</strong></span> <span class='ocrx_word' id='word_1_61' title='bbox 2640 1090 2804 1202; x_wconf 62' lang='lat' dir='ltr'><strong>locis</strong></span> 
     </span>
     <span class='ocr_line' id='line_1_9' title="bbox 696 1189 2808 1277; baseline 0.002 -24"><span class='ocrx_word' id='word_1_62' title='bbox 696 1211 825 1255; x_wconf 94' lang='lat' dir='ltr'><strong>non</strong></span> <span class='ocrx_word' id='word_1_63' title='bbox 853 1192 1100 1258; x_wconf 84' lang='lat' dir='ltr'><strong>alienus</strong></span> <span class='ocrx_word' id='word_1_64' title='bbox 1129 1205 1252 1277; x_wconf 87' lang='lat' dir='ltr'><strong>est,</strong></span> <span class='ocrx_word' id='word_1_65' title='bbox 1284 1207 1360 1262; x_wconf 88' lang='lat' dir='ltr'><strong>ut</strong></span> <span class='ocrx_word' id='word_1_66' title='bbox 1390 1206 1681 1263; x_wconf 81' lang='lat' dir='ltr'><strong>auctores</strong></span> <span class='ocrx_word' id='word_1_67' title='bbox 1712 1189 1997 1264; x_wconf 78' lang='lat' dir='ltr'><strong>diversos</strong></span> <span class='ocrx_word' id='word_1_68' title='bbox 2038 1199 2205 1261; x_wconf 89' lang='lat' dir='ltr'><strong>inter</strong></span> <span class='ocrx_word' id='word_1_69' title='bbox 2231 1218 2300 1261; x_wconf 91' lang='lat' dir='ltr'><strong>se</strong></span> <span class='ocrx_word' id='word_1_70' title='bbox 2326 1194 2615 1271; x_wconf 90' lang='lat' dir='ltr'><strong>misceat,</strong></span> <span class='ocrx_word' id='word_1_71' title='bbox 2654 1191 2808 1271; x_wconf 78' lang='lat' dir='ltr'><strong>hmo</strong></span> 
     </span>
     <span class='ocr_line' id='line_1_10' title="bbox 697 1291 2808 1389; baseline 0.001 -34"><span class='ocrx_word' id='word_1_72' title='bbox 697 1291 962 1377; x_wconf 88' lang='lat' dir='ltr'><strong>quidem</strong></span> <span class='ocrx_word' id='word_1_73' title='bbox 1006 1317 1200 1382; x_wconf 86' lang='lat' dir='ltr'><strong>opera</strong></span> <span class='ocrx_word' id='word_1_74' title='bbox 1248 1299 1669 1389; x_wconf 85' lang='lat' dir='ltr'><strong>detrahendo,</strong></span> <span class='ocrx_word' id='word_1_75' title='bbox 1718 1302 1809 1365; x_wconf 88' lang='lat' dir='ltr'><strong>illi</strong></span> <span class='ocrx_word' id='word_1_76' title='bbox 1860 1299 2296 1366; x_wconf 76' lang='lat' dir='ltr'><strong>attribuendo·</strong></span> <span class='ocrx_word' id='word_1_77' title='bbox 2385 1294 2590 1360; x_wconf 85' lang='lat' dir='ltr'><strong>Auxit</strong></span> <span class='ocrx_word' id='word_1_78' title='bbox 2638 1294 2808 1358; x_wconf 88' lang='lat' dir='ltr'><strong>hanc</strong></span> 
     </span>
     <span class='ocr_line' id='line_1_11' title="bbox 695 1393 2808 1513; baseline 0.004 -59"><span class='ocrx_word' id='word_1_79' title='bbox 695 1393 1128 1479; x_wconf 82' lang='lat' dir='ltr'><strong>suspicionem</strong></span> <span class='ocrx_word' id='word_1_80' title='bbox 1170 1400 1276 1465; x_wconf 90' lang='lat' dir='ltr'><strong>ille</strong></span> <span class='ocrx_word' id='word_1_81' title='bbox 1325 1398 1461 1490; x_wconf 81' lang='lat' dir='ltr'><strong>ipse</strong></span> <span class='ocrx_word' id='word_1_82' title='bbox 1512 1407 1693 1469; x_wconf 88' lang='lat' dir='ltr'><strong>locus</strong></span> <span class='ocrx_word' id='word_1_83' title='bbox 1742 1404 2020 1483; x_wconf 87' lang='lat' dir='ltr'><strong>Tatiani,</strong></span> <span class='ocrx_word' id='word_1_84' title='bbox 2064 1415 2254 1467; x_wconf 86' lang='lat' dir='ltr'><strong>antea</strong></span> <span class='ocrx_word' id='word_1_85' title='bbox 2300 1402 2441 1487; x_wconf 85' lang='lat' dir='ltr'><strong>jam</strong></span> <span class='ocrx_word' id='word_1_86' title='bbox 2486 1421 2570 1464; x_wconf 88' lang='lat' dir='ltr'><strong>ex</strong></span> <span class='ocrx_word' id='word_1_87' title='bbox 2628 1407 2808 1513; x_wconf 73' lang='lat' dir='ltr'><strong>parte</strong></span> 
     </span>
     <span class='ocr_line' id='line_1_12' title="bbox 696 1493 2810 1584; baseline 0.003 -27"><span class='ocrx_word' id='word_1_88' title='bbox 696 1493 998 1581; x_wconf 83' lang='lat' dir='ltr'><strong>allatus,‡</strong></span> <span class='ocrx_word' id='word_1_89' title='bbox 1045 1521 1176 1584; x_wconf 92' lang='lat' dir='ltr'><strong>quo</strong></span> <span class='ocrx_word' id='word_1_90' title='bbox 1222 1501 1433 1568; x_wconf 81' lang='lat' dir='ltr'><strong>forsan</strong></span> <span class='ocrx_word' id='word_1_91' title='bbox 1478 1507 1644 1572; x_wconf 88' lang='lat' dir='ltr'><strong>alius</strong></span> <span class='ocrx_word' id='word_1_92' title='bbox 1690 1506 1909 1571; x_wconf 84' lang='lat' dir='ltr'><strong>Suidoe</strong></span> <span class='ocrx_word' id='word_1_93' title='bbox 1956 1503 2392 1570; x_wconf 88' lang='lat' dir='ltr'><strong>testimonium</strong></span> <span class='ocrx_word' id='word_1_94' title='bbox 2442 1502 2810 1567; x_wconf 82' lang='lat' dir='ltr'><strong>confirmari</strong></span> 
     </span>
     <span class='ocr_line' id='line_1_13' title="bbox 695 1594 2810 1695; baseline 0.004 -37"><span class='ocrx_word' id='word_1_95' title='bbox 695 1594 950 1663; x_wconf 82' lang='lat' dir='ltr'><strong>dixerit.</strong></span> <span class='ocrx_word' id='word_1_96' title='bbox 1043 1600 1214 1667; x_wconf 86' lang='lat' dir='ltr'><strong>Nam</strong></span> <span class='ocrx_word' id='word_1_97' title='bbox 1254 1605 1418 1671; x_wconf 88' lang='lat' dir='ltr'><strong>inter</strong></span> <span class='ocrx_word' id='word_1_98' title='bbox 1455 1630 1585 1687; x_wconf 74' lang='lat' dir='ltr'><strong>e03,</strong></span> <span class='ocrx_word' id='word_1_99' title='bbox 1625 1609 1739 1695; x_wconf 90' lang='lat' dir='ltr'><strong>qui</strong></span> <span class='ocrx_word' id='word_1_100' title='bbox 1782 1608 1865 1671; x_wconf 92' lang='lat' dir='ltr'><strong>de</strong></span> <span class='ocrx_word' id='word_1_101' title='bbox 1906 1609 2185 1672; x_wconf 86' lang='lat' dir='ltr'><strong>Homero</strong></span> <span class='ocrx_word' id='word_1_102' title='bbox 2214 1603 2631 1671; x_wconf 90' lang='lat' dir='ltr'><strong>commentati</strong></span> <span class='ocrx_word' id='word_1_103' title='bbox 2659 1603 2810 1681; x_wconf 91' lang='lat' dir='ltr'><strong>sint,</strong></span> 
     </span>
     <span class='ocr_line' id='line_1_14' title="bbox 695 1700 2808 1795; baseline 0.004 -35"><span class='ocrx_word' id='word_1_104' title='bbox 695 1718 846 1761; x_wconf 86' lang='lat' dir='ltr'><strong>cum</strong></span> <span class='ocrx_word' id='word_1_105' title='bbox 891 1700 1164 1787; x_wconf 88' lang='lat' dir='ltr'><strong>primum</strong></span> <span class='ocrx_word' id='word_1_106' title='bbox 1211 1707 1482 1794; x_wconf 84' lang='lat' dir='ltr'><strong>scriptor</strong></span> <span class='ocrx_word' id='word_1_107' title='bbox 1519 1708 1937 1774; x_wconf 64' lang='lat' dir='ltr'><strong>memorasset</strong></span> <span class='ocrx_word' id='word_1_108' title='bbox 1972 1710 2377 1795; x_wconf 84' lang='lat' dir='ltr'><strong>Theagenem</strong></span> <span class='ocrx_word' id='word_1_109' title='bbox 2410 1705 2808 1793; x_wconf 85' lang='lat' dir='ltr'><strong>Rheginum,</strong></span> 
     </span>
     <span class='ocr_line' id='line_1_15' title="bbox 697 1798 2809 1897; baseline 0.006 -38"><span class='ocrx_word' id='word_1_110' title='bbox 697 1798 1180 1885; x_wconf 88' lang='lat' dir='ltr'><strong>Antimachum,</strong></span> <span class='ocrx_word' id='word_1_111' title='bbox 1203 1806 1597 1873; x_wconf 88' lang='lat' dir='ltr'><strong>Herodotum</strong></span> <span class='ocrx_word' id='word_1_112' title='bbox 1617 1835 1633 1890; x_wconf 92' lang='lat'>;</span> <span class='ocrx_word' id='word_1_113' title='bbox 1668 1811 1750 1875; x_wconf 91' lang='lat' dir='ltr'><strong>ad</strong></span> <span class='ocrx_word' id='word_1_114' title='bbox 1771 1811 1930 1875; x_wconf 89' lang='lat' dir='ltr'><strong>alios</strong></span> <span class='ocrx_word' id='word_1_115' title='bbox 1956 1834 2105 1875; x_wconf 91' lang='lat' dir='ltr'><strong>mox</strong></span> <span class='ocrx_word' id='word_1_116' title='bbox 2128 1810 2361 1897; x_wconf 87' lang='lat' dir='ltr'><strong>pergit,</strong></span> <span class='ocrx_word' id='word_1_117' title='bbox 2383 1808 2809 1886; x_wconf 89' lang='lat' dir='ltr'><strong>Zenodotum,</strong></span> 
     </span>
     <span class='ocr_line' id='line_1_16' title="bbox 698 1900 2807 1999; baseline 0.006 -37"><span class='ocrx_word' id='word_1_118' title='bbox 698 1900 1164 1986; x_wconf 83' lang='lat' dir='ltr'><strong>Aristarchum,</strong></span> <span class='ocrx_word' id='word_1_119' title='bbox 1194 1907 1686 1990; x_wconf 86' lang='lat' dir='ltr'><strong>Callimachum,</strong></span> <span class='ocrx_word' id='word_1_120' title='bbox 1717 1934 1883 1999; x_wconf 91' lang='lat' dir='ltr'><strong>quos</strong></span> <span class='ocrx_word' id='word_1_121' title='bbox 1925 1912 2509 1977; x_wconf 80' lang='lat' dir='ltr'><strong>Grammaticorum</strong></span> <span class='ocrx_word' id='word_1_122' title='bbox 2550 1910 2807 1975; x_wconf 89' lang='lat' dir='ltr'><strong>nomine</strong></span> 
     </span>
     <span class='ocr_line' id='line_1_17' title="bbox 698 2002 2811 2100; baseline 0.007 -39"><span class='ocrx_word' id='word_1_123' title='bbox 698 2021 738 2061; x_wconf 90' lang='lat' dir='ltr'><strong>a</strong></span> <span class='ocrx_word' id='word_1_124' title='bbox 764 2002 1081 2086; x_wconf 86' lang='lat' dir='ltr'><strong>prioribus</strong></span> <span class='ocrx_word' id='word_1_125' title='bbox 1111 2008 1275 2073; x_wconf 82' lang='lat' dir='ltr'><strong>clare</strong></span> <span class='ocrx_word' id='word_1_126' title='bbox 1315 2010 1680 2099; x_wconf 88' lang='lat' dir='ltr'><strong>distinguit.</strong></span> <span class='ocrx_word' id='word_1_127' title='bbox 1774 2011 1923 2088; x_wconf 90' lang='lat' dir='ltr'><strong>Quo</strong></span> <span class='ocrx_word' id='word_1_128' title='bbox 1958 2014 2149 2078; x_wconf 89' lang='lat' dir='ltr'><strong>modo</strong></span> <span class='ocrx_word' id='word_1_129' title='bbox 2172 2012 2483 2079; x_wconf 83' lang='lat' dir='ltr'><strong>Tatianus</strong></span> <span class='ocrx_word' id='word_1_130' title='bbox 2524 2013 2811 2100; x_wconf 84' lang='lat' dir='ltr'><strong>profecto</strong></span> 
     </span>
     <span class='ocr_line' id='line_1_18' title="bbox 699 2104 2811 2201; baseline 0.008 -37"><span class='ocrx_word' id='word_1_131' title='bbox 699 2123 830 2165; x_wconf 91' lang='lat' dir='ltr'><strong>non</strong></span> <span class='ocrx_word' id='word_1_132' title='bbox 881 2104 1191 2192; x_wconf 91' lang='lat' dir='ltr'><strong>loquutus</strong></span> <span class='ocrx_word' id='word_1_133' title='bbox 1236 2123 1426 2191; x_wconf 89' lang='lat' dir='ltr'><strong>esset,</strong></span> <span class='ocrx_word' id='word_1_134' title='bbox 1469 2114 1522 2178; x_wconf 88' lang='lat' dir='ltr'><strong>si</strong></span> <span class='ocrx_word' id='word_1_135' title='bbox 1563 2123 1853 2179; x_wconf 88' lang='lat' dir='ltr'><strong>nostrum</strong></span> <span class='ocrx_word' id='word_1_136' title='bbox 1900 2137 2012 2201; x_wconf 92' lang='lat' dir='ltr'><strong>pro</strong></span> <span class='ocrx_word' id='word_1_137' title='bbox 2061 2115 2501 2181; x_wconf 88' lang='lat' dir='ltr'><strong>Grammatico</strong></span> <span class='ocrx_word' id='word_1_138' title='bbox 2547 2114 2811 2179; x_wconf 86' lang='lat' dir='ltr'><strong>habuis-</strong></span> 
     </span>
     <span class='ocr_line' id='line_1_19' title="bbox 699 2205 2808 2301; baseline 0.007 -36"><span class='ocrx_word' id='word_1_139' title='bbox 699 2213 814 2267; x_wconf 85' lang='lat' dir='ltr'><strong>set.</strong></span> <span class='ocrx_word' id='word_1_140' title='bbox 906 2205 1148 2273; x_wconf 87' lang='lat' dir='ltr'><strong>Contra</strong></span> <span class='ocrx_word' id='word_1_141' title='bbox 1193 2210 1410 2278; x_wconf 82' lang='lat' dir='ltr'><strong>Suidae</strong></span> <span class='ocrx_word' id='word_1_142' title='bbox 1453 2216 1785 2301; x_wconf 87' lang='lat' dir='ltr'><strong>suppetias</strong></span> <span class='ocrx_word' id='word_1_143' title='bbox 1824 2216 1946 2280; x_wconf 82' lang='lat' dir='ltr'><strong>fert</strong></span> <span class='ocrx_word' id='word_1_144' title='bbox 1988 2216 2403 2298; x_wconf 80' lang='lat' dir='ltr'><strong>EustathiuS,</strong></span> <span class='ocrx_word' id='word_1_145' title='bbox 2434 2216 2808 2281; x_wconf 87' lang='lat' dir='ltr'><strong>Antimachi</strong></span> 
     </span>
     <span class='ocr_line' id='line_1_20' title="bbox 699 2307 2809 2404; baseline 0.008 -37"><span class='ocrx_word' id='word_1_146' title='bbox 699 2307 900 2369; x_wconf 85' lang='lat' dir='ltr'><strong>nostri</strong></span> <span class='ocrx_word' id='word_1_147' title='bbox 952 2311 1334 2378; x_wconf 88' lang='lat' dir='ltr'><strong>lectionibus</strong></span> <span class='ocrx_word' id='word_1_148' title='bbox 1387 2316 1455 2379; x_wconf 89' lang='lat' dir='ltr'><strong>in</strong></span> <span class='ocrx_word' id='word_1_149' title='bbox 1507 2317 1790 2382; x_wconf 88' lang='lat' dir='ltr'><strong>Homero</strong></span> <span class='ocrx_word' id='word_1_150' title='bbox 1847 2318 2219 2404; x_wconf 73' lang='lat' dir='ltr'><strong>adhibitis.§</strong></span> <span class='ocrx_word' id='word_1_151' title='bbox 2311 2319 2809 2384; x_wconf 77' lang='lat' dir='ltr'><strong>cunctationem</strong></span> 
     </span>
     <span class='ocr_line' id='line_1_21' title="bbox 699 2411 2811 2507; baseline 0.009 -40"><span class='ocrx_word' id='word_1_152' title='bbox 699 2414 913 2471; x_wconf 88' lang='lat' dir='ltr'><strong>tamen</strong></span> <span class='ocrx_word' id='word_1_153' title='bbox 943 2411 1132 2475; x_wconf 88' lang='lat' dir='ltr'><strong>etiam</strong></span> <span class='ocrx_word' id='word_1_154' title='bbox 1165 2413 1288 2479; x_wconf 93' lang='lat' dir='ltr'><strong>hoc</strong></span> <span class='ocrx_word' id='word_1_155' title='bbox 1319 2416 1633 2503; x_wconf 83' lang='lat' dir='ltr'><strong>injiceret,</strong></span> <span class='ocrx_word' id='word_1_156' title='bbox 1663 2418 1786 2483; x_wconf 89' lang='lat' dir='ltr'><strong>nisi</strong></span> <span class='ocrx_word' id='word_1_157' title='bbox 1818 2442 2021 2507; x_wconf 88' lang='lat' dir='ltr'><strong>nuper</strong></span> <span class='ocrx_word' id='word_1_158' title='bbox 2049 2421 2378 2487; x_wconf 87' lang='lat' dir='ltr'><strong>docuisset</strong></span> <span class='ocrx_word' id='word_1_159' title='bbox 2410 2420 2549 2485; x_wconf 89' lang='lat' dir='ltr'><strong>Cel.</strong></span> <span class='ocrx_word' id='word_1_160' title='bbox 2582 2420 2811 2485; x_wconf 91' lang='lat' dir='ltr'><strong>Villoi-</strong></span> 
     </span>
     <span class='ocr_line' id='line_1_22' title="bbox 697 2512 2808 2604; baseline 0.009 -35"><span class='ocrx_word' id='word_1_161' title='bbox 697 2529 917 2589; x_wconf 88' lang='lat' dir='ltr'><strong>sonus,</strong></span> <span class='ocrx_word' id='word_1_162' title='bbox 962 2512 1026 2575; x_wconf 91' lang='lat' dir='ltr'><strong>in</strong></span> <span class='ocrx_word' id='word_1_163' title='bbox 1075 2513 1483 2583; x_wconf 88' lang='lat' dir='ltr'><strong>Bibliotheca</strong></span> <span class='ocrx_word' id='word_1_164' title='bbox 1509 2518 1762 2585; x_wconf 88' lang='lat' dir='ltr'><strong>Veneta</strong></span> <span class='ocrx_word' id='word_1_165' title='bbox 1791 2522 2075 2586; x_wconf 89' lang='lat' dir='ltr'><strong>codicem</strong></span> <span class='ocrx_word' id='word_1_166' title='bbox 2107 2521 2374 2588; x_wconf 91' lang='lat' dir='ltr'><strong>Homeri</strong></span> <span class='ocrx_word' id='word_1_167' title='bbox 2404 2524 2625 2604; x_wconf 87' lang='lat' dir='ltr'><strong>latere,</strong></span> <span class='ocrx_word' id='word_1_168' title='bbox 2656 2547 2808 2589; x_wconf 90' lang='lat' dir='ltr'><strong>cum</strong></span> 
     </span>
     <span class='ocr_line' id='line_1_23' title="bbox 697 2609 2811 2713; baseline 0.01 -43"><span class='ocrx_word' id='word_1_169' title='bbox 697 2609 838 2673; x_wconf 86' lang='lat' dir='ltr'><strong>aliis</strong></span> <span class='ocrx_word' id='word_1_170' title='bbox 869 2614 1090 2678; x_wconf 88' lang='lat' dir='ltr'><strong>multis</strong></span> <span class='ocrx_word' id='word_1_171' title='bbox 1117 2616 1694 2686; x_wconf 87' lang='lat' dir='ltr'><strong>Grammaticorum</strong></span> <span class='ocrx_word' id='word_1_172' title='bbox 1723 2631 2009 2688; x_wconf 88' lang='lat' dir='ltr'><strong>veterum</strong></span> <span class='ocrx_word' id='word_1_173' title='bbox 2031 2624 2224 2705; x_wconf 87' lang='lat' dir='ltr'><strong>notis,</strong></span> <span class='ocrx_word' id='word_1_174' title='bbox 2251 2624 2624 2690; x_wconf 88' lang='lat' dir='ltr'><strong>Antimachi</strong></span> <span class='ocrx_word' id='word_1_175' title='bbox 2648 2649 2811 2713; x_wconf 90' lang='lat' dir='ltr'><strong>quo-</strong></span> 
     </span>
     <span class='ocr_line' id='line_1_24' title="bbox 699 2714 2812 2809; baseline 0.009 -36"><span class='ocrx_word' id='word_1_176' title='bbox 699 2732 846 2795; x_wconf 89' lang='lat' dir='ltr'><strong>que,</strong></span> <span class='ocrx_word' id='word_1_177' title='bbox 889 2714 1275 2783; x_wconf 85' lang='lat' dir='ltr'><strong>celeberrimi</strong></span> <span class='ocrx_word' id='word_1_178' title='bbox 1305 2732 1508 2807; x_wconf 82' lang='lat' dir='ltr'><strong>poetes</strong></span> <span class='ocrx_word' id='word_1_179' title='bbox 1541 2722 1951 2808; x_wconf 88' lang='lat' dir='ltr'><strong>Colophonii,</strong></span> <span class='ocrx_word' id='word_1_180' title='bbox 1981 2726 2063 2789; x_wconf 90' lang='lat' dir='ltr'><strong>ad</strong></span> <span class='ocrx_word' id='word_1_181' title='bbox 2100 2727 2450 2791; x_wconf 89' lang='lat' dir='ltr'><strong>Homerum</strong></span> <span class='ocrx_word' id='word_1_182' title='bbox 2480 2726 2812 2809; x_wconf 79' lang='lat' dir='ltr'><strong>lectioneS,</strong></span> 
     </span>
     <span class='ocr_line' id='line_1_25' title="bbox 697 2820 2810 2912; baseline 0.009 -37"><span class='ocrx_word' id='word_1_183' title='bbox 697 2833 936 2899; x_wconf 89' lang='lat' dir='ltr'><strong>easque</strong></span> <span class='ocrx_word' id='word_1_184' title='bbox 983 2840 1057 2881; x_wconf 87' lang='lat' dir='ltr'><strong>ex</strong></span> <span class='ocrx_word' id='word_1_185' title='bbox 1114 2820 1368 2886; x_wconf 88' lang='lat' dir='ltr'><strong>duabus</strong></span> <span class='ocrx_word' id='word_1_186' title='bbox 1415 2824 1683 2888; x_wconf 87' lang='lat' dir='ltr'><strong>diversis</strong></span> <span class='ocrx_word' id='word_1_187' title='bbox 1734 2826 1787 2912; x_wconf 90' lang='lat' dir='ltr'><strong>ej</strong></span> <span class='ocrx_word' id='word_1_188' title='bbox 1799 2849 1873 2891; x_wconf 90' lang='lat' dir='ltr'><strong>us</strong></span> <span class='ocrx_word' id='word_1_189' title='bbox 1933 2828 2328 2893; x_wconf 88' lang='lat' dir='ltr'><strong>editionibus</strong></span> <span class='ocrx_word' id='word_1_190' title='bbox 2373 2829 2810 2911; x_wconf 84' lang='lat' dir='ltr'><strong>exhibentem,</strong></span> 
     </span>
     <span class='ocr_line' id='line_1_26' title="bbox 699 2916 2814 3019; baseline 0.009 -42"><span class='ocrx_word' id='word_1_191' title='bbox 699 2916 802 3000; x_wconf 86' lang='lat' dir='ltr'><strong>cuj</strong></span> <span class='ocrx_word' id='word_1_192' title='bbox 814 2939 888 2979; x_wconf 92' lang='lat' dir='ltr'><strong>us</strong></span> <span class='ocrx_word' id='word_1_193' title='bbox 928 2921 1134 3005; x_wconf 88' lang='lat' dir='ltr'><strong>operis</strong></span> <span class='ocrx_word' id='word_1_194' title='bbox 1179 2921 1462 3010; x_wconf 89' lang='lat' dir='ltr'><strong>insignes</strong></span> <span class='ocrx_word' id='word_1_195' title='bbox 1496 2926 1713 3012; x_wconf 82' lang='lat' dir='ltr'><strong>copias</strong></span> <span class='ocrx_word' id='word_1_196' title='bbox 1744 2928 2047 3016; x_wconf 88' lang='lat' dir='ltr'><strong>deinceps</strong></span> <span class='ocrx_word' id='word_1_197' title='bbox 2079 2931 2399 2995; x_wconf 88' lang='lat' dir='ltr'><strong>editurum</strong></span> <span class='ocrx_word' id='word_1_198' title='bbox 2428 2954 2499 2997; x_wconf 90' lang='lat' dir='ltr'><strong>se</strong></span> <span class='ocrx_word' id='word_1_199' title='bbox 2529 2931 2638 2997; x_wconf 89' lang='lat' dir='ltr'><strong>ille</strong></span> <span class='ocrx_word' id='word_1_200' title='bbox 2666 2955 2814 3019; x_wconf 90' lang='lat' dir='ltr'><strong>pro-</strong></span> 
     </span>
     <span class='ocr_line' id='line_1_27' title="bbox 699 3016 2809 3119; baseline 0.011 -42"><span class='ocrx_word' id='word_1_201' title='bbox 699 3016 898 3081; x_wconf 88' lang='lat' dir='ltr'><strong>misit.</strong></span> <span class='ocrx_word' id='word_1_202' title='bbox 918 3019 943 3101; x_wconf 83' lang='grc' dir='ltr'><strong>ΙΙ</strong></span> <span class='ocrx_word' id='word_1_203' title='bbox 1035 3020 1136 3085; x_wconf 89' lang='lat' dir='ltr'><strong>Ita</strong></span> <span class='ocrx_word' id='word_1_204' title='bbox 1167 3022 1533 3089; x_wconf 87' lang='lat' dir='ltr'><strong>incertiores</strong></span> <span class='ocrx_word' id='word_1_205' title='bbox 1565 3050 1734 3093; x_wconf 91' lang='lat' dir='ltr'><strong>nunc</strong></span> <span class='ocrx_word' id='word_1_206' title='bbox 1767 3052 1991 3096; x_wconf 91' lang='lat' dir='ltr'><strong>sumus</strong></span> <span class='ocrx_word' id='word_1_207' title='bbox 2017 3054 2215 3119; x_wconf 91' lang='lat' dir='ltr'><strong>quam</strong></span> <span class='ocrx_word' id='word_1_208' title='bbox 2246 3043 2455 3115; x_wconf 81' lang='lat' dir='ltr'><strong>antea,</strong></span> <span class='ocrx_word' id='word_1_209' title='bbox 2486 3044 2553 3100; x_wconf 90' lang='lat' dir='ltr'><strong>et</strong></span> <span class='ocrx_word' id='word_1_210' title='bbox 2581 3058 2621 3099; x_wconf 95' lang='lat' dir='ltr'><strong>a</strong></span> <span class='ocrx_word' id='word_1_211' title='bbox 2644 3034 2809 3115; x_wconf 91' lang='lat' dir='ltr'><strong>Viri,</strong></span> 
     </span>
    </p>
   </div>
   <div class='ocr_carea' id='block_1_3' title="bbox 697 3255 2809 3731">
    <p class='ocr_par' dir='ltr' id='par_1_3' title="bbox 697 3255 2809 3443">
     <span class='ocr_line' id='line_1_28' title="bbox 779 3255 2809 3352; baseline 0.014 -41"><span class='ocrx_word' id='word_1_212' title='bbox 779 3256 812 3289; x_wconf 70' lang='lat'><strong>⁴¹*</strong></span> <span class='ocrx_word' id='word_1_213' title='bbox 857 3255 1032 3313; x_wconf 91' lang='lat' dir='ltr'><strong>Dion.</strong></span> <span class='ocrx_word' id='word_1_214' title='bbox 1065 3258 1230 3317; x_wconf 86' lang='lat' dir='ltr'><strong>Orat.</strong></span> <span class='ocrx_word' id='word_1_215' title='bbox 1277 3260 1437 3321; x_wconf 90' lang='lat' dir='ltr'><strong>LIII.</strong></span> <span class='ocrx_word' id='word_1_216' title='bbox 1470 3262 1538 3322; x_wconf 90' lang='lat' dir='ltr'><strong>T.</strong></span> <span class='ocrx_word' id='word_1_217' title='bbox 1577 3264 1653 3322; x_wconf 94' lang='lat' dir='ltr'><strong>II.</strong></span> <span class='ocrx_word' id='word_1_218' title='bbox 1696 3286 1753 3344; x_wconf 88' lang='lat' dir='ltr'><strong>p.</strong></span> <span class='ocrx_word' id='word_1_219' title='bbox 1787 3270 1926 3325; x_wconf 83' lang='lat'><strong>274.</strong></span> <span class='ocrx_word' id='word_1_220' title='bbox 1971 3269 2083 3329; x_wconf 91' lang='lat' dir='ltr'><strong>Ed.</strong></span> <span class='ocrx_word' id='word_1_221' title='bbox 2122 3272 2319 3335; x_wconf 86' lang='lat' dir='ltr'><strong>Reisk.</strong></span> <span class='ocrx_word' id='word_1_222' title='bbox 2398 3275 2809 3352; x_wconf 78' lang='grc' dir='ltr'>Ἀριστοτέλης,</span> 
     </span>
     <span class='ocr_line' id='line_1_29' title="bbox 697 3346 2492 3443; baseline 0.013 -39"><span class='ocrx_word' id='word_1_223' title='bbox 697 3348 791 3427; x_wconf 82' lang='grc' dir='ltr'><strong>ἀφ’</strong></span> <span class='ocrx_word' id='word_1_224' title='bbox 818 3346 882 3406; x_wconf 73' lang='grc' dir='ltr'><strong>οὗ</strong></span> <span class='ocrx_word' id='word_1_225' title='bbox 905 3352 1040 3428; x_wconf 82' lang='grc' dir='ltr'>φασὶ</span> <span class='ocrx_word' id='word_1_226' title='bbox 1060 3354 1162 3421; x_wconf 78' lang='grc' dir='ltr'><strong>τὴν</strong></span> <span class='ocrx_word' id='word_1_227' title='bbox 1183 3358 1422 3431; x_wconf 76' lang='grc' dir='ltr'>κριτικήν</span> <span class='ocrx_word' id='word_1_228' title='bbox 1443 3380 1500 3414; x_wconf 83' lang='grc' dir='ltr'><strong>τε</strong></span> <span class='ocrx_word' id='word_1_229' title='bbox 1529 3360 1617 3414; x_wconf 81' lang='grc' dir='ltr'><strong>καὶ</strong></span> <span class='ocrx_word' id='word_1_230' title='bbox 1645 3366 2035 3438; x_wconf 81' lang='grc' dir='ltr'>γραμματικὴν</span> <span class='ocrx_word' id='word_1_231' title='bbox 2054 3367 2243 3443; x_wconf 81' lang='grc' dir='ltr'>ἀρχὴν</span> <span class='ocrx_word' id='word_1_232' title='bbox 2265 3366 2492 3441; x_wconf 82' lang='grc' dir='ltr'>λαβεῖν.</span> 
     </span>
    </p>

    <p class='ocr_par' dir='ltr' id='par_1_4' title="bbox 779 3450 2116 3538">
     <span class='ocr_line' id='line_1_30' title="bbox 779 3450 2116 3538; baseline 0.015 -33"><span class='ocrx_word' id='word_1_233' title='bbox 779 3460 816 3522; x_wconf 90' lang='lat'>†</span> <span class='ocrx_word' id='word_1_234' title='bbox 860 3450 934 3509; x_wconf 93' lang='lat' dir='ltr'><strong>V.</strong></span> <span class='ocrx_word' id='word_1_235' title='bbox 970 3452 1376 3515; x_wconf 82' lang='lat' dir='ltr'><strong>KiisteriHist.</strong></span> <span class='ocrx_word' id='word_1_236' title='bbox 1407 3458 1534 3519; x_wconf 88' lang='lat' dir='ltr'><strong>crit.</strong></span> <span class='ocrx_word' id='word_1_237' title='bbox 1574 3459 1748 3519; x_wconf 91' lang='lat' dir='ltr'><strong>Hom.</strong></span> <span class='ocrx_word' id='word_1_238' title='bbox 1784 3463 1863 3521; x_wconf 95' lang='lat' dir='ltr'><strong>II.</strong></span> <span class='ocrx_word' id='word_1_239' title='bbox 1896 3468 1953 3522; x_wconf 89' lang='lat'><strong>5.</strong></span> <span class='ocrx_word' id='word_1_240' title='bbox 1986 3471 2036 3538; x_wconf 60' lang='grc' dir='ltr'><strong>ξ.</strong></span> <span class='ocrx_word' id='word_1_241' title='bbox 2064 3469 2116 3525; x_wconf 89' lang='grc'><strong>3.</strong></span> 
     </span>
    </p>

    <p class='ocr_par' dir='ltr' id='par_1_5' title="bbox 780 3544 1500 3623">
     <span class='ocr_line' id='line_1_31' title="bbox 780 3544 1500 3623; baseline 0.014 -25"><span class='ocrx_word' id='word_1_242' title='bbox 780 3551 805 3613; x_wconf 72' lang='lat'>1</span> <span class='ocrx_word' id='word_1_243' title='bbox 850 3544 923 3601; x_wconf 91' lang='lat' dir='ltr'><strong>V.</strong></span> <span class='ocrx_word' id='word_1_244' title='bbox 957 3564 1088 3623; x_wconf 83' lang='lat' dir='ltr'><strong>pag.</strong></span> <span class='ocrx_word' id='word_1_245' title='bbox 1124 3548 1214 3606; x_wconf 89' lang='grc'><strong>10.</strong></span> <span class='ocrx_word' id='word_1_246' title='bbox 1269 3548 1408 3608; x_wconf 88' lang='lat' dir='ltr'><strong>Not.</strong></span> <span class='ocrx_word' id='word_1_247' title='bbox 1442 3571 1500 3608; x_wconf 86' lang='lat' dir='ltr'><strong>x.</strong></span> 
     </span>
    </p>

    <p class='ocr_par' dir='ltr' id='par_1_6' title="bbox 777 3635 2808 3731">
     <span class='ocr_line' id='line_1_32' title="bbox 777 3635 2808 3731; baseline 0.014 -42"><span class='ocrx_word' id='word_1_248' title='bbox 777 3638 804 3705; x_wconf 61' lang='lat'>5</span> <span class='ocrx_word' id='word_1_249' title='bbox 847 3635 920 3694; x_wconf 90' lang='lat' dir='ltr'><strong>V.</strong></span> <span class='ocrx_word' id='word_1_250' title='bbox 954 3636 1222 3697; x_wconf 86' lang='lat' dir='ltr'><strong>Eustatb.</strong></span> <span class='ocrx_word' id='word_1_251' title='bbox 1264 3639 1592 3703; x_wconf 90' lang='lat' dir='ltr'><strong>Comment.</strong></span> <span class='ocrx_word' id='word_1_252' title='bbox 1636 3643 1711 3702; x_wconf 90' lang='lat' dir='ltr'><strong>ad</strong></span> <span class='ocrx_word' id='word_1_253' title='bbox 1754 3644 1821 3704; x_wconf 89' lang='lat' dir='ltr'><strong>Il.</strong></span> <span class='ocrx_word' id='word_1_254' title='bbox 1861 3666 1919 3725; x_wconf 91' lang='lat' dir='ltr'><strong>p.</strong></span> <span class='ocrx_word' id='word_1_255' title='bbox 1956 3650 2132 3721; x_wconf 82' lang='lat'><strong>1243,</strong></span> <span class='ocrx_word' id='word_1_256' title='bbox 2165 3650 2204 3710; x_wconf 89' lang='grc' dir='ltr'><strong>Ι.</strong></span> <span class='ocrx_word' id='word_1_257' title='bbox 2238 3655 2338 3724; x_wconf 90' lang='grc'><strong>40,</strong></span> <span class='ocrx_word' id='word_1_258' title='bbox 2370 3663 2429 3712; x_wconf 90' lang='lat' dir='ltr'><strong>et</strong></span> <span class='ocrx_word' id='word_1_259' title='bbox 2457 3656 2632 3728; x_wconf 88' lang='lat'><strong>1334,</strong></span> <span class='ocrx_word' id='word_1_260' title='bbox 2672 3657 2711 3717; x_wconf 89' lang='lat' dir='ltr'><strong>l.</strong></span> <span class='ocrx_word' id='word_1_261' title='bbox 2746 3662 2808 3731; x_wconf 90' lang='lat'><strong>8,</strong></span> 
     </span>
    </p>
   </div>
   <div class='ocr_carea' id='block_1_4' title="bbox 695 3724 2807 3901">
    <p class='ocr_par' dir='ltr' id='par_1_7' title="bbox 695 3724 2807 3901">
     <span class='ocr_line' id='line_1_33' title="bbox 696 3724 2807 3831; baseline 0.014 -49"><span class='ocrx_word' id='word_1_262' title='bbox 696 3724 790 3783; x_wconf 89' lang='lat' dir='ltr'><strong>ed.</strong></span> <span class='ocrx_word' id='word_1_263' title='bbox 823 3726 1130 3802; x_wconf 83' lang='lat' dir='ltr'><strong>Romanae,</strong></span> <span class='ocrx_word' id='word_1_264' title='bbox 1162 3750 1337 3809; x_wconf 87' lang='lat' dir='ltr'><strong>quarn</strong></span> <span class='ocrx_word' id='word_1_265' title='bbox 1363 3732 1673 3796; x_wconf 90' lang='lat' dir='ltr'><strong>editionem</strong></span> <span class='ocrx_word' id='word_1_266' title='bbox 1703 3736 2047 3817; x_wconf 89' lang='lat' dir='ltr'><strong>plerumque</strong></span> <span class='ocrx_word' id='word_1_267' title='bbox 2070 3742 2343 3805; x_wconf 81' lang='lat' dir='ltr'><strong>adbibere</strong></span> <span class='ocrx_word' id='word_1_268' title='bbox 2375 3748 2561 3825; x_wconf 90' lang='lat' dir='ltr'><strong>potui,</strong></span> <span class='ocrx_word' id='word_1_269' title='bbox 2590 3770 2807 3831; x_wconf 90' lang='lat' dir='ltr'><strong>excep-</strong></span> 
     </span>
     <span class='ocr_line' id='line_1_34' title="bbox 695 3815 2507 3901; baseline 0.015 -28"><span class='ocrx_word' id='word_1_270' title='bbox 695 3815 770 3874; x_wconf 86' lang='lat' dir='ltr'><strong>tis</strong></span> <span class='ocrx_word' id='word_1_271' title='bbox 797 3816 1020 3896; x_wconf 89' lang='lat' dir='ltr'><strong>aliquot</strong></span> <span class='ocrx_word' id='word_1_272' title='bbox 1044 3819 1206 3894; x_wconf 84' lang='lat' dir='ltr'><strong>locis,</strong></span> <span class='ocrx_word' id='word_1_273' title='bbox 1237 3823 1335 3882; x_wconf 91' lang='lat' dir='ltr'><strong>ubi</strong></span> <span class='ocrx_word' id='word_1_274' title='bbox 1366 3824 1682 3885; x_wconf 84' lang='lat' dir='ltr'><strong>Basileensi</strong></span> <span class='ocrx_word' id='word_1_275' title='bbox 1712 3840 2024 3891; x_wconf 89' lang='lat' dir='ltr'><strong>contentus</strong></span> <span class='ocrx_word' id='word_1_276' title='bbox 2051 3854 2176 3894; x_wconf 84' lang='lat' dir='ltr'><strong>esse</strong></span> <span class='ocrx_word' id='word_1_277' title='bbox 2201 3836 2507 3901; x_wconf 83' lang='lat' dir='ltr'><strong>debebam.</strong></span> 
     </span>
    </p>
   </div>
   <div class='ocr_carea' id='block_1_5' title="bbox 776 3909 2807 4010">
    <p class='ocr_par' dir='ltr' id='par_1_8' title="bbox 776 3909 2807 4010">
     <span class='ocr_line' id='line_1_35' title="bbox 776 3909 2807 4010; baseline 0.016 -44"><span class='ocrx_word' id='word_1_278' title='bbox 776 3912 802 3980; x_wconf 92' lang='grc' dir='ltr'><strong>ΙΙ</strong></span> <span class='ocrx_word' id='word_1_279' title='bbox 846 3909 913 3967; x_wconf 89' lang='lat' dir='ltr'><strong>In</strong></span> <span class='ocrx_word' id='word_1_280' title='bbox 944 3910 1228 3973; x_wconf 90' lang='lat' dir='ltr'><strong>Anecdot.</strong></span> <span class='ocrx_word' id='word_1_281' title='bbox 1266 3914 1369 3973; x_wconf 85' lang='lat' dir='ltr'><strong>Gr.</strong></span> <span class='ocrx_word' id='word_1_282' title='bbox 1404 3918 1575 3989; x_wconf 89' lang='lat'><strong>1781,</strong></span> <span class='ocrx_word' id='word_1_283' title='bbox 1607 3920 1865 3981; x_wconf 83' lang='lat' dir='ltr'><strong>venetiis</strong></span> <span class='ocrx_word' id='word_1_284' title='bbox 1901 3925 2094 3998; x_wconf 83' lang='lat' dir='ltr'><strong>editis,</strong></span> <span class='ocrx_word' id='word_1_285' title='bbox 2123 3927 2191 3987; x_wconf 90' lang='lat' dir='ltr'><strong>T.</strong></span> <span class='ocrx_word' id='word_1_286' title='bbox 2226 3930 2305 3991; x_wconf 90' lang='lat' dir='ltr'><strong>II.</strong></span> <span class='ocrx_word' id='word_1_287' title='bbox 2339 3951 2393 4010; x_wconf 91' lang='lat' dir='ltr'><strong>p.</strong></span> <span class='ocrx_word' id='word_1_288' title='bbox 2431 3936 2561 3993; x_wconf 88' lang='lat'><strong>183.</strong></span> <span class='ocrx_word' id='word_1_289' title='bbox 2659 3937 2807 3998; x_wconf 88' lang='lat' dir='ltr'><strong>Mox</strong></span> 
     </span>
    </p>
   </div>
   <div class='ocr_carea' id='block_1_6' title="bbox 671 4005 2807 4108">
    <p class='ocr_par' dir='ltr' id='par_1_9' title="bbox 671 4005 2807 4108">
     <span class='ocr_line' id='line_1_36' title="bbox 671 4005 2807 4108; baseline 0.015 -52"><span class='ocrx_word' id='word_1_290' title='bbox 671 4019 929 4079; x_wconf 64' lang='lat' dir='ltr'><strong>quoque</strong></span> <span class='ocrx_word' id='word_1_291' title='bbox 973 4023 1031 4081; x_wconf 91' lang='lat' dir='ltr'><strong>p.</strong></span> <span class='ocrx_word' id='word_1_292' title='bbox 1068 4005 1202 4063; x_wconf 87' lang='lat'><strong>185.</strong></span> <span class='ocrx_word' id='word_1_293' title='bbox 1237 4007 1446 4084; x_wconf 88' lang='lat' dir='ltr'><strong>prodit,</strong></span> <span class='ocrx_word' id='word_1_294' title='bbox 1477 4010 1530 4067; x_wconf 90' lang='lat' dir='ltr'><strong>in</strong></span> <span class='ocrx_word' id='word_1_295' title='bbox 1558 4011 1765 4071; x_wconf 88' lang='lat' dir='ltr'><strong>eodem</strong></span> <span class='ocrx_word' id='word_1_296' title='bbox 1800 4016 2003 4075; x_wconf 86' lang='lat' dir='ltr'><strong>codice</strong></span> <span class='ocrx_word' id='word_1_297' title='bbox 2038 4018 2225 4079; x_wconf 85' lang='lat' dir='ltr'><strong>inesse</strong></span> <span class='ocrx_word' id='word_1_298' title='bbox 2268 4022 2602 4085; x_wconf 87' lang='lat' dir='ltr'><strong>Antimachi</strong></span> <span class='ocrx_word' id='word_1_299' title='bbox 2649 4028 2807 4108; x_wconf 81' lang='lat' dir='ltr'><strong>frag-</strong></span> 
     </span>
    </p>
   </div>
   <div class='ocr_carea' id='block_1_7' title="bbox 693 4096 2809 4264">
    <p class='ocr_par' dir='ltr' id='par_1_10' title="bbox 693 4096 2809 4264">
     <span class='ocr_line' id='line_1_37' title="bbox 693 4096 2809 4204; baseline 0.015 -53"><span class='ocrx_word' id='word_1_300' title='bbox 693 4102 890 4153; x_wconf 87' lang='lat' dir='ltr'><strong>menta</strong></span> <span class='ocrx_word' id='word_1_301' title='bbox 922 4096 1049 4155; x_wconf 86' lang='lat' dir='ltr'><strong>alia.</strong></span> <span class='ocrx_word' id='word_1_302' title='bbox 1134 4097 1240 4155; x_wconf 86' lang='lat' dir='ltr'><strong>His</strong></span> <span class='ocrx_word' id='word_1_303' title='bbox 1284 4098 1428 4158; x_wconf 80' lang='lat' dir='ltr'><strong>forte</strong></span> <span class='ocrx_word' id='word_1_304' title='bbox 1473 4103 1789 4180; x_wconf 83' lang='lat' dir='ltr'><strong>aliquando</strong></span> <span class='ocrx_word' id='word_1_305' title='bbox 1836 4108 1929 4166; x_wconf 89' lang='lat' dir='ltr'><strong>hic</strong></span> <span class='ocrx_word' id='word_1_306' title='bbox 1980 4110 2291 4171; x_wconf 84' lang='lat' dir='ltr'><strong>fasciculus</strong></span> <span class='ocrx_word' id='word_1_307' title='bbox 2326 4118 2559 4195; x_wconf 83' lang='lat' dir='ltr'><strong>egregie</strong></span> <span class='ocrx_word' id='word_1_308' title='bbox 2605 4125 2809 4204; x_wconf 86' lang='lat' dir='ltr'><strong>augeri</strong></span> 
     </span>
     <span class='ocr_line' id='line_1_38' title="bbox 693 4186 921 4264; baseline 0.013 -21"><span class='ocrx_word' id='word_1_309' title='bbox 693 4186 921 4264; x_wconf 84' lang='lat' dir='ltr'><strong>poterit.</strong></span> 
     </span>
    </p>
   </div>
  </div>
 </body>
</html>
