3125 5009
718 346 815 411 80
1334 368 1777 417 AN'NMACHI
1823 365 2223 420 uEQOAE.

1643 662 1908 726 XXIII.

940 876 1205 986 Ρῖμφα
1245 873 1307 956 δ’
1348 876 1477 957 ἄπ’
1517 874 1814 979 ἠπείροιο
1850 871 2175 1013 μελαίνης
2213 868 2412 973 titini&
2443 866 2690 974 αἷερθεις

944 985 1357 1083 Πηλειμὸης
1309 1022 1707 1092 απορουσεν,
1751 983 2036 1089 ἐλαφρος
2063 981 2219 1078 ἦϋτε
2261 1020 2509 1088 κιρκος,

944 1100 1089 1180 Του
1128 1096 1189 1179 δ’
1232 1097 1576 1236 εμπροσθε
1617 1094 1829 1179 ποὸων
1870 1096 2056 1201 κρήνη
2095 1092 2309 1197 ’γενετ’
2342 1093 2698 1175 dandonem.

898 1248 931 1275 Q

723 1337 984 1403 Scuol..
1010 1338 1415 1426 Lycophron.
1464 1340 1652 1404 Alex.
1713 1362 1771 1403 v.
1829 1338 1978 1401 245.
2040 1336 2122 1401 ad
2182 1336 2410 1401 verba.
2479 1334 2828 1421 Πελασγὸν

716 1440 887 1524 ἅλμα
916 1440 1231 1530 λαιψηροῢ
1272 1440 1476 1519 ποδός
1517 1473 1570 1509 κ.
1614 1441 1680 1507 λ.
1722 1441 1862 1506 haec
1905 1447 2123 1505 notat:
2177 1440 2477 1526 Χρησμὸς
2508 1443 2586 1515 ἦν
2617 1434 2831 1511 δοθεὶς

700 1542 1004 1625 ’Έλλησι,
1035 1547 1151 1611 τὸν
1179 1542 1676 1631 προπηδήσαντα
1712 1548 1842 1609 τῶν
1870 1541 2214 1619 Ἑλλήνων
2243 1543 2394 1607 κατὰ
2427 1544 2556 1607 τῶν
2593 1541 2831 1625 Τρώων

712 1648 776 1711 ἐκ
803 1650 932 1713 τῶν
964 1644 1277 1724 ὁλκάδων,
1308 1651 1564 1733 πρῶτον
1604 1650 1733 1713 τῶν
1763 1645 1987 1712 ἄλλων
2026 1644 2397 1711 ἀποθανεῖν.
2493 1639 2833 1730 Προπηὸή-

714 1777 951 1824 σαντος
998 1746 1061 1815 δὲ
1105 1756 1220 1814 τοῦ
1264 1747 1735 1834 Πρωτεσιλάου,
1767 1752 1862 1813 καὶ
1906 1746 2350 1832 ἆναιρεθεντος
2395 1743 2830 1831 ὑφ’“Εκτορος

712 1850 751 1925 ἢ
784 1853 989 1937 ἑτέρου
1023 1852 1220 1928 τινὸς,
1252 1855 1289 1915 ὁ
1319 1849 1666 1937 Ἀχιλλεὺς
1709 1853 1796 1936 τῷ
1838 1851 2068 1915 τούτου
2097 1851 2416 1932 παθήματι
2453 1844 2831 1924 παιδευθεὶς,

712 1952 979 2039 ὕστερον
1009 1953 1308 2033 ἁπάντων
1347 1962 1459 2029 τῆς
1501 1950 1666 2028 ἰδίας
1707 1953 1865 2026 νεὼς
1903 1948 2217 2029 πηδήσας,
2248 1949 2504 2026 πλήττει
2532 1952 2650 2025 τὴν
2677 1957 2826 2034 γῆν,

711 2060 808 2118 καὶ
842 2050 1011 2142 ὕδωρ
1044 2053 1112 2129 ἐξ
1141 2056 1335 2130 αὐτῆς
1360 2051 1654 2131 ἀνεδόθη,
1688 2056 1776 2129 ὡς
1802 2058 1953 2139 φησὶ
1978 2057 2074 2118 καὶ
2101 2052 2567 2139 ὁἈντίμαχος·
2596 2049 2827 2136 Ῥίμφα

710 2154 1130 2222 -ἆενᾶουσα.
1223 2161 1343 2221 Καὶ
1400 2152 1746 2242 Εὐριπίδης
1805 2159 1954 2240 φησὶ
2016 2150 2116 2220 διὰ
2177 2153 2644 2237 Νεοπτολέμου·
2737 2161 2827 2218 To

714 2258 999 2342 Τρωϊκὸν
1040 2254 1295 2341 πήδημα
1333 2254 1622 2333 πηδήσας
1661 2254 1910 2324 ποδοῖν.
2001 2256 2210 2320 Locus
2252 2255 2582 2346 Euripidis
2621 2265 2720 2321 est
2759 2256 2826 2319 in

716 2357 1025 2423 Androm.
1079 2358 1264 2422 1140.
1314 2357 1422 2422 ubi
1468 2380 1526 2422 v.
1571 2357 1857 2437 Barnea,
1887 2358 2008 2422 etsi
2056 2359 2110 2423 is
2153 2368 2284 2423 tam
2339 2358 2444 2422 hic
2498 2381 2694 2446 quam
2742 2358 2823 2424 ad

714 2454 939 2542 Eurip.
978 2456 1215 2521 Electr.
1258 2457 1407 2521 439.
1442 2456 1648 2544 mythi
1697 2456 2372 2544 rationemspervertit.
2463 2456 2613 2521 Non
2655 2458 2819 2522 enim

709 2558 791 2623 de
822 2560 965 2624 navi
990 2560 1231 2645 primus
1260 2558 1556 2646 prosiluit
1586 2558 1894 2638 Achilles,
1929 2581 2046 2625 nec
2085 2560 2195 2647 huj
2207 2583 2281 2624 us
2314 2560 2481 2623 saltu
2513 2559 2824 2647 deceptus

711 2662 1126 2742 Protesilaus,
1170 2661 1281 2727 sed
1330 2662 1611 2748 UlyssiS,
1656 2671 1731 2726 ut
1779 2662 2044 2727 seriores
2091 2662 2381 2733 nonnulli
2431 2660 2821 2741 fabulantur,

709 2786 900 2850 super
925 2766 1148 2853 clypeo
1188 2764 1438 2829 stantis.
1533 2763 1792 2828 Primus
1834 2764 2048 2851 potius
2095 2764 2489 2830 Protesilaus
2529 2766 2672 2846 fuit,
2703 2766 2816 2855 qui

706 2866 773 2929 in
820 2867 1137 2932 hosticam
1177 2875 1410 2931 terram
1452 2864 1806 2945 descendit,
1850 2866 2134 2931 Achilles
2179 2874 2393 2932 autem
2437 2875 2821 2955 postremuS,

708 2966 846 3053 qui,
881 2977 952 3032 ut
980 2964 1283 3033 Eustath.
1314 2968 1395 3032 ad
1428 2966 1503 3031 Il.
1534 2967 1609 3056 β.
1639 2968 1786 3032 698.
1819 2968 1930 3032 ait.
1972 2971 2259 3056 ὑπέτρεσε
2300 2970 2451 3035 κατά
2491 2998 2687 3047 τινας,
2720 2976 2817 3036 καὶ

705 3071 1060 3149 τελευταῖος
1092 3076 1179 3149 εἰς
1208 3082 1332 3158 γῆν
1362 3068 1758 3148 κατεπήδησε.
1851 3069 1954 3134 Cf.
1985 3069 2246 3135 Lucian.
2284 3070 2367 3135 D.
2401 3070 2497 3134 M.
2526 3069 2718 3135 XIX.
2753 3095 2818 3159 p.

705 3175 853 3237 411.
884 3176 985 3239 ed.
1019 3174 1222 3239 Reitz.
1315 3172 1501 3237 Hanc
1532 3173 1769 3237 famam
1798 3172 1990 3237 etiam
2024 3173 2448 3239 Antimachus
2478 3183 2817 3261 sequutus,

704 3278 1025 3343 Achillem
1054 3278 1207 3343 fecit
1236 3286 1415 3342 tanto
1444 3277 1690 3363 impetu
1731 3276 1800 3340 in
1835 3285 2065 3341 terram
2102 3276 2560 3364 prosilientem,
2591 3287 2665 3342 ut
2692 3279 2815 3343 sub

704 3381 843 3467 ejus
873 3380 1145 3468 pedibus
1193 3379 1411 3444 statim
1442 3380 1588 3443 fons
1629 3377 1951 3443 existeret.
2043 3378 2167 3443 Est
2205 3377 2366 3444 adeo
2405 3379 2510 3444 hic
2540 3380 2717 3446 locus
2748 3381 2816 3443 in

704 3505 769 3546 re
794 3482 995 3546 rarius
1026 3504 1065 3545 a
1088 3481 1505 3568 scriptoribus
1534 3490 1898 3561 memorata,
1916 3503 2030 3567 pro
2061 3482 2330 3547 classico
2355 3482 2544 3547 hodie
2575 3482 2816 3547 haben-

703 3581 851 3660 duS,
884 3590 948 3645 et
970 3579 1327 3665 explicatur
1347 3578 1500 3642 hinc
1530 3578 1880 3644 Thessalus
1909 3580 2134 3658 saltuS,
2167 3581 2282 3668 qui
2313 3580 2374 3643 in
2408 3582 2814 3668 proverbium

700 3683 878 3761 abiit,
912 3682 995 3747 ab
1040 3682 1121 3745 A.
1170 3680 1467 3746 Turnebo
1515 3678 1785 3744 Advers.
1829 3679 2126 3761 XXVII,
2167 3683 2442 3747 29.—V.
2488 3682 2540 3748 I.
2589 3686 2810 3750 statim

698 3784 917 3848 videas
940 3783 1385 3871 corrigendum
1418 3804 1559 3847 esse
1587 3782 1682 3848 ἐπ’
1716 3787 2016 3870 ἠπείροιο,
2048 3782 2112 3847 h.
2145 3806 2200 3849 e.
2232 3784 2298 3847 in
2329 3794 2580 3850 terram.
2638 3786 2806 3852 Nam

700 3886 781 3950 de
810 3884 977 3963 navi,
1009 3906 1131 3949 non
1166 3906 1205 3947 a
1233 3895 1399 3949 terra
1428 3884 1810 3971 ἀπόρουσεν,
1842 3884 2016 3971 quod
2055 3885 2265 3971 ipsum
2305 3888 2566 3951 verbum
2597 3910 2812 3953 emen-

700 3987 1025 4052 dationem
1056 3988 1287 4064 firmat,
1313 4008 1430 4050 nec
1466 4007 1593 4049 non
1637 3984 1846 4057 Schol.
1877 3986 2189 4073 Lycophr.
2219 3989 2439 4075 paullo
2469 3992 2801 4077 superius:

696 4088 984 4166 πηδήσας
1024 4093 1235 4165 ,ἔκ-τῆς
1276 4091 1435 4165 νεὼς
1475 4091 1563 4163 εἰς
1604 4091 1720 4165 τὴν
1760 4098 1903 4175 γῆν,
1934 4088 2172 4175 quibus
2201 4092 2285 4155 cf..
2315 4088 2527 4158 Schol.
2559 4095 2641 4157 ad
2677 4097 2811 4158 An-

699 4193 901 4256 drom.
966 4192 1006 4255 l.
1066 4191 1109 4253 I.
1175 4190 1479 4269 Μέλαινα,
1542 4189 1802 4255 solenne
1871 4191 2201 4278 epitheton
2259 4202 2458 4265 terroe.
2568 4196 2808 4283 Ὑφόσε
