<?xml version="1.0" encoding="UTF-8"?>
<!DOCTYPE html PUBLIC "-//W3C//DTD XHTML 1.0 Transitional//EN"
    "http://www.w3.org/TR/xhtml1/DTD/xhtml1-transitional.dtd">
<html xmlns="http://www.w3.org/1999/xhtml" xml:lang="en" lang="en">
 <head>
  <title>
</title>
<meta http-equiv="Content-Type" content="text/html;charset=utf-8" />
  <meta name='ocr-system' content='tesseract 3.04.00' />
  <meta name='ocr-capabilities' content='ocr_page ocr_carea ocr_par ocr_line ocrx_word'/>
</head>
<body>
  <div class='ocr_page' id='page_1' title='image "antimachicoloph00wolfgoog_0088.png"; bbox 0 0 3125 5009; ppageno 0'>
   <div class='ocr_carea' id='block_1_1' title="bbox 1175 350 2406 418">
    <p class='ocr_par' dir='ltr' id='par_1_1' title="bbox 1175 350 2406 418">
     <span class='ocr_line' id='line_1_1' title="bbox 1175 350 2406 418; baseline 0 -1"><span class='ocrx_word' id='word_1_1' title='bbox 1175 368 1269 417; x_wconf 73' lang='lat' dir='ltr'>&#39;ru</span> <span class='ocrx_word' id='word_1_2' title='bbox 1282 370 1523 418; x_wconf 75' lang='grc' dir='ltr'>ΕΒΑιε.</span> <span class='ocrx_word' id='word_1_3' title='bbox 2312 350 2406 417; x_wconf 90' lang='grc'>75</span> 
     </span>
    </p>
   </div>
   <div class='ocr_carea' id='block_1_2' title="bbox 1253 574 1457 692">
    <p class='ocr_par' dir='ltr' id='par_1_2' title="bbox 1253 574 1457 692">
     <span class='ocr_line' id='line_1_2' title="bbox 1253 574 1457 692; baseline -0.005 0"><span class='ocrx_word' id='word_1_4' title='bbox 1253 574 1457 692; x_wconf 31' lang='lat' dir='ltr'>XIX..</span> 
     </span>
    </p>
   </div>
   <div class='ocr_carea' id='block_1_3' title="bbox 394 806 2247 1361">
    <p class='ocr_par' dir='ltr' id='par_1_3' title="bbox 394 806 1773 920">
     <span class='ocr_line' id='line_1_3' title="bbox 394 806 1773 920; baseline 0.006 -32.19"><span class='ocrx_word' id='word_1_5' title='bbox 394 806 800 914; x_wconf 59' lang='lat' dir='ltr'>’&#39;Adpoecroc,</span> <span class='ocrx_word' id='word_1_6' title='bbox 848 816 1125 894; x_wconf 79' lang='grc' dir='ltr'>Ταλαω</span> <span class='ocrx_word' id='word_1_7' title='bbox 1160 812 1293 906; x_wconf 83' lang='grc' dir='ltr'>υἷος</span> <span class='ocrx_word' id='word_1_8' title='bbox 1332 812 1773 920; x_wconf 72' lang='grc' dir='ltr'>Κρηθηὶὶίδαο,</span> 
     </span>
    </p>

    <p class='ocr_par' dir='ltr' id='par_1_4' title="bbox 400 920 2247 1361">
     <span class='ocr_line' id='line_1_4' title="bbox 407 920 2247 1068; baseline 0.003 -67"><span class='ocrx_word' id='word_1_9' title='bbox 407 920 801 1027; x_wconf 60' lang='lat' dir='ltr'>[Ipnoi-terroe</span> <span class='ocrx_word' id='word_1_10' title='bbox 839 927 1124 1006; x_wconf 74' lang='grc' dir='ltr'>Δαναων</span> <span class='ocrx_word' id='word_1_11' title='bbox 1163 961 1296 1068; x_wconf 78' lang='grc' dir='ltr'>περ</span> <span class='ocrx_word' id='word_1_12' title='bbox 1329 962 1668 1008; x_wconf 65' lang='lat' dir='ltr'>svasve-tw</span> <span class='ocrx_word' id='word_1_13' title='bbox 1707 923 1960 1022; x_wconf 74' lang='grc' dir='ltr'>ηλασεν</span> <span class='ocrx_word' id='word_1_14' title='bbox 2001 920 2247 1019; x_wconf 71' lang='grc' dir='ltr'>ἵππω,</span> 
     </span>
     <span class='ocr_line' id='line_1_5' title="bbox 412 1032 2138 1144; baseline 0.002 -31"><span class='ocrx_word' id='word_1_15' title='bbox 412 1032 653 1141; x_wconf 75' lang='grc' dir='ltr'>Καιρόν</span> <span class='ocrx_word' id='word_1_16' title='bbox 694 1070 768 1116; x_wconf 78' lang='grc' dir='ltr'>τε</span> <span class='ocrx_word' id='word_1_17' title='bbox 812 1072 1137 1141; x_wconf 73' lang='grc' dir='ltr'>κραιπνον</span> <span class='ocrx_word' id='word_1_18' title='bbox 1176 1074 1297 1118; x_wconf 79' lang='grc' dir='ltr'>και</span> <span class='ocrx_word' id='word_1_19' title='bbox 1336 1038 1600 1144; x_wconf 77' lang='grc' dir='ltr'><em>Ἀρίονα</em></span> <span class='ocrx_word' id='word_1_20' title='bbox 1632 1052 2138 1119; x_wconf 73' lang='grc' dir='ltr'>Θελπουσαῖον·</span> 
     </span>
     <span class='ocr_line' id='line_1_6' title="bbox 408 1143 2212 1288; baseline 0.002 -65"><span class='ocrx_word' id='word_1_21' title='bbox 408 1143 542 1225; x_wconf 82' lang='lat' dir='ltr'>To&#39;v</span> <span class='ocrx_word' id='word_1_22' title='bbox 568 1146 667 1288; x_wconf 65' lang='grc' dir='ltr'>ῥά</span> <span class='ocrx_word' id='word_1_23' title='bbox 704 1148 767 1227; x_wconf 84' lang='grc' dir='ltr'>τ’</span> <span class='ocrx_word' id='word_1_24' title='bbox 804 1148 1243 1241; x_wconf 71' lang='grc' dir='ltr'>Ἀπόλλωνος·</span> <span class='ocrx_word' id='word_1_25' title='bbox 1281 1146 1493 1253; x_wconf 61' lang='lat' dir='ltr'>exulo</span> <span class='ocrx_word' id='word_1_26' title='bbox 1496 1187 1525 1230; x_wconf 85' lang='grc' dir='ltr'>ν</span> <span class='ocrx_word' id='word_1_27' title='bbox 1563 1146 1815 1241; x_wconf 53' lang='lat' dir='ltr'>ano-eor</span> <span class='ocrx_word' id='word_1_28' title='bbox 1849 1149 2212 1250; x_wconf 64' lang='grc' dir='ltr'>ἸΟγκειιιοιο</span> 
     </span>
     <span class='ocr_line' id='line_1_7' title="bbox 400 1255 2087 1361; baseline 0.001 -24"><span class='ocrx_word' id='word_1_29' title='bbox 400 1255 589 1351; x_wconf 78' lang='grc' dir='ltr'>Αυτη</span> <span class='ocrx_word' id='word_1_30' title='bbox 625 1260 784 1361; x_wconf 75' lang='grc' dir='ltr'>’γαῖ’</span> <span class='ocrx_word' id='word_1_31' title='bbox 821 1257 1126 1354; x_wconf 55' lang='lat' dir='ltr'>vivetibus,</span> <span class='ocrx_word' id='word_1_32' title='bbox 1170 1258 1394 1357; x_wconf 76' lang='grc' dir='ltr'>σεβας</span> <span class='ocrx_word' id='word_1_33' title='bbox 1429 1262 1770 1357; x_wconf 63' lang='grc' dir='ltr'>θνητοῖσιν</span> <span class='ocrx_word' id='word_1_34' title='bbox 1807 1256 2087 1341; x_wconf 59' lang='lat' dir='ltr'>idmona.</span> 
     </span>
    </p>
   </div>
   <div class='ocr_carea' id='block_1_4' title="bbox 292 1482 2460 2599">
    <p class='ocr_par' dir='ltr' id='par_1_5' title="bbox 292 1482 2460 2599">
     <span class='ocr_line' id='line_1_8' title="bbox 296 1482 2403 1574; baseline -0 -27"><span class='ocrx_word' id='word_1_35' title='bbox 296 1482 635 1547; x_wconf 78' lang='lat' dir='ltr'>Exmnm·</span> <span class='ocrx_word' id='word_1_36' title='bbox 665 1486 975 1550; x_wconf 85' lang='lat' dir='ltr'>eximium</span> <span class='ocrx_word' id='word_1_37' title='bbox 1014 1487 1445 1574; x_wconf 82' lang='lat' dir='ltr'>fragmentum</span> <span class='ocrx_word' id='word_1_38' title='bbox 1493 1487 1663 1551; x_wconf 88' lang='lat' dir='ltr'>idem</span> <span class='ocrx_word' id='word_1_39' title='bbox 1705 1486 1977 1574; x_wconf 84' lang='lat' dir='ltr'>scriptor</span> <span class='ocrx_word' id='word_1_40' title='bbox 2014 1485 2156 1551; x_wconf 91' lang='lat' dir='ltr'>eod.</span> <span class='ocrx_word' id='word_1_41' title='bbox 2187 1486 2306 1550; x_wconf 83' lang='lat' dir='ltr'>loc&#39;.</span> <span class='ocrx_word' id='word_1_42' title='bbox 2341 1509 2403 1573; x_wconf 88' lang='lat' dir='ltr'>p.</span> 
     </span>
     <span class='ocr_line' id='line_1_9' title="bbox 295 1587 2410 1676; baseline 0.001 -26"><span class='ocrx_word' id='word_1_43' title='bbox 295 1587 468 1666; x_wconf 89' lang='grc'><strong>650.,</strong></span> <span class='ocrx_word' id='word_1_44' title='bbox 499 1587 610 1652; x_wconf 89' lang='lat' dir='ltr'>ubi</span> <span class='ocrx_word' id='word_1_45' title='bbox 660 1588 833 1653; x_wconf 88' lang='lat' dir='ltr'>illam</span> <span class='ocrx_word' id='word_1_46' title='bbox 878 1588 1370 1676; x_wconf 87' lang='lat' dir='ltr'>Thelpusiorum</span> <span class='ocrx_word' id='word_1_47' title='bbox 1418 1590 1840 1655; x_wconf 84' lang='lat' dir='ltr'>narrationem</span> <span class='ocrx_word' id='word_1_48' title='bbox 1886 1589 1967 1654; x_wconf 91' lang='lat' dir='ltr'>de</span> <span class='ocrx_word' id='word_1_49' title='bbox 2009 1588 2296 1676; x_wconf 90' lang='lat' dir='ltr'><strong>Neptuni</strong></span> <span class='ocrx_word' id='word_1_50' title='bbox 2343 1599 2410 1653; x_wconf 91' lang='lat' dir='ltr'>et</span> 
     </span>
     <span class='ocr_line' id='line_1_10' title="bbox 296 1688 2405 1779; baseline 0.001 -26"><span class='ocrx_word' id='word_1_51' title='bbox 296 1688 545 1754; x_wconf 89' lang='lat' dir='ltr'>Cereris</span> <span class='ocrx_word' id='word_1_52' title='bbox 574 1712 785 1755; x_wconf 87' lang='lat' dir='ltr'>amore</span> <span class='ocrx_word' id='word_1_53' title='bbox 814 1691 1083 1756; x_wconf 88' lang='lat' dir='ltr'>ulterius</span> <span class='ocrx_word' id='word_1_54' title='bbox 1114 1692 1539 1779; x_wconf 82' lang='lat' dir='ltr'><strong>persequitur.</strong></span> <span class='ocrx_word' id='word_1_55' title='bbox 1610 1692 1794 1756; x_wconf 90' lang='lat' dir='ltr'>Malo</span> <span class='ocrx_word' id='word_1_56' title='bbox 1824 1700 2034 1755; x_wconf 89' lang='lat' dir='ltr'>autem</span> <span class='ocrx_word' id='word_1_57' title='bbox 2062 1690 2405 1756; x_wconf 83' lang='lat' dir='ltr'>Pausaniae</span> 
     </span>
     <span class='ocr_line' id='line_1_11' title="bbox 292 1791 2410 1883; baseline 0 -28"><span class='ocrx_word' id='word_1_58' title='bbox 292 1791 469 1857; x_wconf 89' lang='lat' dir='ltr'>dicta</span> <span class='ocrx_word' id='word_1_59' title='bbox 502 1794 773 1881; x_wconf 88' lang='lat' dir='ltr'>propriis</span> <span class='ocrx_word' id='word_1_60' title='bbox 821 1794 1026 1860; x_wconf 90' lang='lat' dir='ltr'>verbis</span> <span class='ocrx_word' id='word_1_61' title='bbox 1067 1796 1456 1877; x_wconf 83' lang='lat' dir='ltr'><strong>contrahere,</strong></span> <span class='ocrx_word' id='word_1_62' title='bbox 1497 1818 1691 1883; x_wconf 91' lang='lat' dir='ltr'>quam</span> <span class='ocrx_word' id='word_1_63' title='bbox 1729 1794 1872 1882; x_wconf 87' lang='lat' dir='ltr'>ipsa</span> <span class='ocrx_word' id='word_1_64' title='bbox 1902 1794 2132 1859; x_wconf 85' lang='lat' dir='ltr'>Graeca</span> <span class='ocrx_word' id='word_1_65' title='bbox 2172 1793 2410 1858; x_wconf 86' lang='lat' dir='ltr'>adscri-</span> 
     </span>
     <span class='ocr_line' id='line_1_12' title="bbox 294 1894 2409 1987; baseline 0 -27"><span class='ocrx_word' id='word_1_66' title='bbox 294 1894 460 1961; x_wconf 87' lang='lat' dir='ltr'>bere.</span> <span class='ocrx_word' id='word_1_67' title='bbox 508 1895 868 1963; x_wconf 69' lang='lat' dir='ltr'>Narrarunt</span> <span class='ocrx_word' id='word_1_68' title='bbox 898 1898 1118 1985; x_wconf 89' lang='lat' dir='ltr'>igitur,</span> <span class='ocrx_word' id='word_1_69' title='bbox 1142 1899 1513 1987; x_wconf 87' lang='lat' dir='ltr'>Neptunum</span> <span class='ocrx_word' id='word_1_70' title='bbox 1546 1921 1696 1964; x_wconf 90' lang='lat' dir='ltr'>cum</span> <span class='ocrx_word' id='word_1_71' title='bbox 1725 1897 1953 1963; x_wconf 83' lang='lat' dir='ltr'>Cerere</span> <span class='ocrx_word' id='word_1_72' title='bbox 1975 1918 2409 1984; x_wconf 89' lang='lat' dir='ltr'>congressum,</span> 
     </span>
     <span class='ocr_line' id='line_1_13' title="bbox 297 1999 2411 2091; baseline -0.001 -26"><span class='ocrx_word' id='word_1_73' title='bbox 297 2009 525 2087; x_wconf 84' lang='lat' dir='ltr'>praeter</span> <span class='ocrx_word' id='word_1_74' title='bbox 554 1999 751 2067; x_wconf 89' lang='lat' dir='ltr'>filiam</span> <span class='ocrx_word' id='word_1_75' title='bbox 783 2003 987 2066; x_wconf 89' lang='lat' dir='ltr'>sancti</span> <span class='ocrx_word' id='word_1_76' title='bbox 1018 2025 1137 2068; x_wconf 90' lang='lat' dir='ltr'>nec</span> <span class='ocrx_word' id='word_1_77' title='bbox 1168 2003 1292 2067; x_wconf 89' lang='lat' dir='ltr'>nisi</span> <span class='ocrx_word' id='word_1_78' title='bbox 1334 2003 1417 2068; x_wconf 87' lang='lat' dir='ltr'>ad</span> <span class='ocrx_word' id='word_1_79' title='bbox 1458 2002 1744 2069; x_wconf 87' lang='lat' dir='ltr'>initiatos</span> <span class='ocrx_word' id='word_1_80' title='bbox 1771 2001 2084 2091; x_wconf 87' lang='lat' dir='ltr'>prodendi</span> <span class='ocrx_word' id='word_1_81' title='bbox 2111 2000 2411 2079; x_wconf 88' lang='lat' dir='ltr'>nominis,</span> 
     </span>
     <span class='ocr_line' id='line_1_14' title="bbox 299 2100 2409 2192; baseline 0 -28"><span class='ocrx_word' id='word_1_82' title='bbox 299 2102 364 2165; x_wconf 91' lang='lat' dir='ltr'>in</span> <span class='ocrx_word' id='word_1_83' title='bbox 413 2102 669 2190; x_wconf 83' lang='lat' dir='ltr'>regione</span> <span class='ocrx_word' id='word_1_84' title='bbox 713 2101 1070 2191; x_wconf 87' lang='lat' dir='ltr'>Thelpusia</span> <span class='ocrx_word' id='word_1_85' title='bbox 1120 2105 1417 2192; x_wconf 84' lang='lat' dir='ltr'>genuisse</span> <span class='ocrx_word' id='word_1_86' title='bbox 1470 2114 1536 2169; x_wconf 88' lang='lat' dir='ltr'>et</span> <span class='ocrx_word' id='word_1_87' title='bbox 1584 2103 1883 2169; x_wconf 84' lang='lat' dir='ltr'>Arionem</span> <span class='ocrx_word' id='word_1_88' title='bbox 1935 2125 2198 2191; x_wconf 88' lang='lat' dir='ltr'>equum,</span> <span class='ocrx_word' id='word_1_89' title='bbox 2238 2100 2409 2165; x_wconf 91' lang='lat' dir='ltr'>unde</span> 
     </span>
     <span class='ocr_line' id='line_1_15' title="bbox 297 2203 2412 2295; baseline -0 -26"><span class='ocrx_word' id='word_1_90' title='bbox 297 2204 489 2269; x_wconf 87' lang='lat' dir='ltr'>etiam</span> <span class='ocrx_word' id='word_1_91' title='bbox 518 2203 895 2292; x_wconf 79' lang='lat' dir='ltr'>Neptunum</span> <span class='ocrx_word' id='word_1_92' title='bbox 925 2228 963 2269; x_wconf 89' lang='lat' dir='ltr'>a</span> <span class='ocrx_word' id='word_1_93' title='bbox 984 2205 1351 2295; x_wconf 88' lang='lat' dir='ltr'>Thelpusiis</span> <span class='ocrx_word' id='word_1_94' title='bbox 1371 2206 1648 2294; x_wconf 90' lang='lat' dir='ltr'>primum</span> <span class='ocrx_word' id='word_1_95' title='bbox 1673 2207 1839 2270; x_wconf 88' lang='lat' dir='ltr'>inter</span> <span class='ocrx_word' id='word_1_96' title='bbox 1860 2205 2146 2270; x_wconf 80' lang='lat' dir='ltr'>Arcades</span> <span class='ocrx_word' id='word_1_97' title='bbox 2174 2225 2412 2291; x_wconf 90' lang='lat' dir='ltr'>cogno-</span> 
     </span>
     <span class='ocr_line' id='line_1_16' title="bbox 298 2306 2412 2387; baseline -0.001 -16"><span class='ocrx_word' id='word_1_98' title='bbox 298 2306 609 2371; x_wconf 90' lang='lat' dir='ltr'>minatum</span> <span class='ocrx_word' id='word_1_99' title='bbox 648 2306 847 2373; x_wconf 83' lang='lat' dir='ltr'>fuisse</span> <span class='ocrx_word' id='word_1_100' title='bbox 894 2310 1164 2376; x_wconf 74' lang='grc' dir='ltr'>ἵππειον.</span> <span class='ocrx_word' id='word_1_101' title='bbox 1256 2309 1391 2387; x_wconf 90' lang='lat' dir='ltr'>(De</span> <span class='ocrx_word' id='word_1_102' title='bbox 1434 2308 1557 2373; x_wconf 93' lang='lat' dir='ltr'>hoc</span> <span class='ocrx_word' id='word_1_103' title='bbox 1591 2307 1845 2373; x_wconf 89' lang='lat' dir='ltr'>nomine</span> <span class='ocrx_word' id='word_1_104' title='bbox 1884 2306 2010 2372; x_wconf 89' lang='lat' dir='ltr'>alia</span> <span class='ocrx_word' id='word_1_105' title='bbox 2038 2306 2412 2371; x_wconf 82' lang='lat' dir='ltr'>fabulantur</span> 
     </span>
     <span class='ocr_line' id='line_1_17' title="bbox 297 2405 2460 2499; baseline -0.001 -23"><span class='ocrx_word' id='word_1_106' title='bbox 297 2410 425 2476; x_wconf 79' lang='lat' dir='ltr'>alii.</span> <span class='ocrx_word' id='word_1_107' title='bbox 516 2410 667 2474; x_wconf 83' lang='lat' dir='ltr'>Vid.</span> <span class='ocrx_word' id='word_1_108' title='bbox 712 2433 878 2499; x_wconf 82' lang='lat' dir='ltr'>quos</span> <span class='ocrx_word' id='word_1_109' title='bbox 922 2411 1127 2476; x_wconf 80' lang='lat' dir='ltr'>citant</span> <span class='ocrx_word' id='word_1_110' title='bbox 1172 2410 1253 2475; x_wconf 85' lang='lat' dir='ltr'>ad</span> <span class='ocrx_word' id='word_1_111' title='bbox 1301 2409 1587 2497; x_wconf 85' lang='lat' dir='ltr'>Hesych.</span> <span class='ocrx_word' id='word_1_112' title='bbox 1639 2432 1693 2473; x_wconf 86' lang='lat' dir='ltr'>v.</span> <span class='ocrx_word' id='word_1_113' title='bbox 1738 2410 1990 2485; x_wconf 73' lang='grc' dir='ltr'>ἵππειος</span> <span class='ocrx_word' id='word_1_114' title='bbox 2038 2405 2412 2484; x_wconf 76' lang='grc' dir='ltr'>Ποσειδῶν.)</span> <span class='ocrx_word' id='word_1_115' title='bbox 2455 2486 2460 2489; x_wconf 22' lang='lat'>¹</span> 
     </span>
     <span class='ocr_line' id='line_1_18' title="bbox 301 2502 2413 2599; baseline -0.004 -22"><span class='ocrx_word' id='word_1_116' title='bbox 301 2513 518 2599; x_wconf 89' lang='lat' dir='ltr'>Atque</span> <span class='ocrx_word' id='word_1_117' title='bbox 555 2534 698 2577; x_wconf 91' lang='lat' dir='ltr'>eam</span> <span class='ocrx_word' id='word_1_118' title='bbox 739 2512 999 2593; x_wconf 87' lang='lat' dir='ltr'>famam,</span> <span class='ocrx_word' id='word_1_119' title='bbox 1030 2512 1109 2576; x_wconf 88' lang='lat' dir='ltr'>de</span> <span class='ocrx_word' id='word_1_120' title='bbox 1150 2512 1404 2592; x_wconf 89' lang='lat' dir='ltr'>Arione,</span> <span class='ocrx_word' id='word_1_121' title='bbox 1439 2509 1732 2597; x_wconf 87' lang='lat' dir='ltr'>Neptuni</span> <span class='ocrx_word' id='word_1_122' title='bbox 1771 2508 1968 2597; x_wconf 89' lang='lat' dir='ltr'>prole,</span> <span class='ocrx_word' id='word_1_123' title='bbox 2004 2502 2240 2573; x_wconf 84' lang='lat' dir='ltr'>firmari</span> <span class='ocrx_word' id='word_1_124' title='bbox 2279 2528 2413 2569; x_wconf 88' lang='lat' dir='ltr'>om-</span> 
     </span>
    </p>
   </div>
   <div class='ocr_carea' id='block_1_5' title="bbox 302 2606 2412 2793">
    <p class='ocr_par' dir='ltr' id='par_1_6' title="bbox 302 2606 2412 2793">
     <span class='ocr_line' id='line_1_19' title="bbox 302 2606 2412 2703; baseline -0.004 -25"><span class='ocrx_word' id='word_1_125' title='bbox 302 2615 455 2680; x_wconf 91' lang='lat' dir='ltr'>nino</span> <span class='ocrx_word' id='word_1_126' title='bbox 504 2636 693 2702; x_wconf 89' lang='lat' dir='ltr'>posse</span> <span class='ocrx_word' id='word_1_127' title='bbox 738 2615 1056 2703; x_wconf 90' lang='lat' dir='ltr'>putabant</span> <span class='ocrx_word' id='word_1_128' title='bbox 1096 2614 1371 2679; x_wconf 89' lang='lat' dir='ltr'>duorum</span> <span class='ocrx_word' id='word_1_129' title='bbox 1421 2611 2014 2699; x_wconf 91' lang='lat' dir='ltr'>antiquissimorum</span> <span class='ocrx_word' id='word_1_130' title='bbox 2059 2606 2412 2674; x_wconf 83' lang='lat' dir='ltr'>carminum</span> 
     </span>
     <span class='ocr_line' id='line_1_20' title="bbox 304 2703 2412 2793; baseline -0.004 -16"><span class='ocrx_word' id='word_1_131' title='bbox 304 2712 703 2791; x_wconf 87' lang='lat' dir='ltr'>auctoritate,</span> <span class='ocrx_word' id='word_1_132' title='bbox 730 2712 954 2777; x_wconf 78' lang='lat' dir='ltr'>Iliadis</span> <span class='ocrx_word' id='word_1_133' title='bbox 986 2710 1367 2789; x_wconf 82' lang='lat' dir='ltr'>Homericae,</span> <span class='ocrx_word' id='word_1_134' title='bbox 1395 2720 1461 2777; x_wconf 91' lang='lat' dir='ltr'>et</span> <span class='ocrx_word' id='word_1_135' title='bbox 1480 2708 1868 2774; x_wconf 76' lang='lat' dir='ltr'>Thebaidos,</span> <span class='ocrx_word' id='word_1_136' title='bbox 1959 2706 2207 2792; x_wconf 89' lang='lat' dir='ltr'>Nempe</span> <span class='ocrx_word' id='word_1_137' title='bbox 2238 2703 2412 2793; x_wconf 91' lang='lat' dir='ltr'>quod</span> 
     </span>
    </p>
   </div>
   <div class='ocr_carea' id='block_1_6' title="bbox 302 2806 2416 3108">
    <p class='ocr_par' dir='ltr' id='par_1_7' title="bbox 302 2806 2416 3108">
     <span class='ocr_line' id='line_1_21' title="bbox 302 2806 2414 2904; baseline -0.004 -26"><span class='ocrx_word' id='word_1_138' title='bbox 302 2814 408 2880; x_wconf 90' lang='lat' dir='ltr'>ille</span> <span class='ocrx_word' id='word_1_139' title='bbox 439 2814 659 2880; x_wconf 88' lang='lat' dir='ltr'>Arioni</span> <span class='ocrx_word' id='word_1_140' title='bbox 701 2819 893 2904; x_wconf 77' lang='grc' dir='ltr'>γένος</span> <span class='ocrx_word' id='word_1_141' title='bbox 939 2818 1002 2881; x_wconf 83' lang='grc' dir='ltr'>ἐκ</span> <span class='ocrx_word' id='word_1_142' title='bbox 1045 2818 1269 2901; x_wconf 64' lang='grc' dir='ltr'>θεόφιν</span> <span class='ocrx_word' id='word_1_143' title='bbox 1317 2812 1546 2877; x_wconf 87' lang='lat' dir='ltr'>tribuit</span> <span class='ocrx_word' id='word_1_144' title='bbox 1597 2811 1672 2876; x_wconf 91' lang='lat' dir='ltr'>Il.</span> <span class='ocrx_word' id='word_1_145' title='bbox 1711 2814 1780 2897; x_wconf 81' lang='grc' dir='ltr'>ψ.</span> <span class='ocrx_word' id='word_1_146' title='bbox 1824 2810 1997 2888; x_wconf 89' lang='grc'><strong>347.,</strong></span> <span class='ocrx_word' id='word_1_147' title='bbox 2026 2809 2092 2873; x_wconf 91' lang='lat' dir='ltr'>id</span> <span class='ocrx_word' id='word_1_148' title='bbox 2123 2807 2205 2873; x_wconf 92' lang='lat' dir='ltr'>ad</span> <span class='ocrx_word' id='word_1_149' title='bbox 2237 2806 2414 2892; x_wconf 89' lang='lat' dir='ltr'>Nep-</span> 
     </span>
     <span class='ocr_line' id='line_1_22' title="bbox 304 2907 2416 3011; baseline -0.006 -29"><span class='ocrx_word' id='word_1_150' title='bbox 304 2927 534 2983; x_wconf 92' lang='lat' dir='ltr'>tunum</span> <span class='ocrx_word' id='word_1_151' title='bbox 588 2927 875 3011; x_wconf 84' lang='lat' dir='ltr'>spectare</span> <span class='ocrx_word' id='word_1_152' title='bbox 928 2939 1057 2982; x_wconf 93' lang='lat' dir='ltr'>non</span> <span class='ocrx_word' id='word_1_153' title='bbox 1098 2915 1523 2982; x_wconf 88' lang='lat' dir='ltr'>dubitabant:</span> <span class='ocrx_word' id='word_1_154' title='bbox 1587 2912 1871 2978; x_wconf 87' lang='lat' dir='ltr'>Alterius</span> <span class='ocrx_word' id='word_1_155' title='bbox 1916 2932 2064 2976; x_wconf 87' lang='lat' dir='ltr'>vero</span> <span class='ocrx_word' id='word_1_156' title='bbox 2119 2907 2416 2974; x_wconf 88' lang='lat' dir='ltr'>carminis</span> 
     </span>
     <span class='ocr_line' id='line_1_23' title="bbox 306 3017 1942 3108; baseline -0.004 -23"><span class='ocrx_word' id='word_1_157' title='bbox 306 3020 586 3108; x_wconf 87' lang='lat' dir='ltr'>(cyclici,</span> <span class='ocrx_word' id='word_1_158' title='bbox 613 3031 683 3085; x_wconf 89' lang='lat' dir='ltr'>ut</span> <span class='ocrx_word' id='word_1_159' title='bbox 714 3019 982 3085; x_wconf 88' lang='lat' dir='ltr'>videtur.</span> <span class='ocrx_word' id='word_1_160' title='bbox 1073 3017 1177 3084; x_wconf 83' lang='lat' dir='ltr'>Cf.</span> <span class='ocrx_word' id='word_1_161' title='bbox 1208 3040 1403 3106; x_wconf 90' lang='lat' dir='ltr'>supra</span> <span class='ocrx_word' id='word_1_162' title='bbox 1431 3040 1492 3103; x_wconf 91' lang='lat' dir='ltr'>p.</span> <span class='ocrx_word' id='word_1_163' title='bbox 1521 3017 1660 3095; x_wconf 84' lang='lat'>23.)</span> <span class='ocrx_word' id='word_1_164' title='bbox 1690 3037 1942 3081; x_wconf 88' lang='lat' dir='ltr'>versum</span> 
     </span>
    </p>
   </div>
   <div class='ocr_carea' id='block_1_7' title="bbox 584 3182 2141 3275">
    <p class='ocr_par' dir='ltr' id='par_1_8' title="bbox 584 3182 2141 3275">
     <span class='ocr_line' id='line_1_24' title="bbox 584 3182 2141 3275; baseline -0.006 -22"><span class='ocrx_word' id='word_1_165' title='bbox 584 3187 821 3272; x_wconf 71' lang='grc' dir='ltr'>Εἵματα</span> <span class='ocrx_word' id='word_1_166' title='bbox 850 3184 1065 3275; x_wconf 76' lang='grc' dir='ltr'>λυγρὰ</span> <span class='ocrx_word' id='word_1_167' title='bbox 1097 3188 1303 3273; x_wconf 79' lang='grc' dir='ltr'>φέρων</span> <span class='ocrx_word' id='word_1_168' title='bbox 1334 3186 1453 3250; x_wconf 79' lang='grc' dir='ltr'>σὺν</span> <span class='ocrx_word' id='word_1_169' title='bbox 1482 3182 1726 3269; x_wconf 71' lang='grc' dir='ltr'>Ἀρίονι</span> <span class='ocrx_word' id='word_1_170' title='bbox 1757 3182 2141 3266; x_wconf 75' lang='grc' dir='ltr'>κυανοχαίτῃ</span> 
     </span>
    </p>
   </div>
   <div class='ocr_carea' id='block_1_8' title="bbox 308 3341 2423 3720">
    <p class='ocr_par' dir='ltr' id='par_1_9' title="bbox 308 3341 2423 3720">
     <span class='ocr_line' id='line_1_25' title="bbox 310 3341 2416 3430; baseline -0.005 -14"><span class='ocrx_word' id='word_1_171' title='bbox 310 3352 480 3418; x_wconf 88' lang='lat' dir='ltr'>idem</span> <span class='ocrx_word' id='word_1_172' title='bbox 538 3353 597 3417; x_wconf 83' lang='lat' dir='ltr'>s&#39;r</span> <span class='ocrx_word' id='word_1_173' title='bbox 653 3374 781 3417; x_wconf 91' lang='lat' dir='ltr'>non</span> <span class='ocrx_word' id='word_1_174' title='bbox 841 3352 1292 3430; x_wconf 85' lang='lat' dir='ltr'>demonstrare,</span> <span class='ocrx_word' id='word_1_175' title='bbox 1354 3350 1582 3413; x_wconf 88' lang='lat' dir='ltr'>saltem</span> <span class='ocrx_word' id='word_1_176' title='bbox 1644 3349 2038 3413; x_wconf 65' lang='grc' dir='ltr'><strong>αἰνίσσεσθαι</strong></span> <span class='ocrx_word' id='word_1_177' title='bbox 2089 3341 2416 3406; x_wconf 84' lang='lat' dir='ltr'>dicebant.</span> 
     </span>
     <span class='ocr_line' id='line_1_26' title="bbox 308 3445 2422 3541; baseline -0.007 -21"><span class='ocrx_word' id='word_1_178' title='bbox 308 3454 485 3533; x_wconf 91' lang='lat' dir='ltr'>(Hoc</span> <span class='ocrx_word' id='word_1_179' title='bbox 513 3454 774 3541; x_wconf 89' lang='lat' dir='ltr'>quidem</span> <span class='ocrx_word' id='word_1_180' title='bbox 804 3462 905 3517; x_wconf 88' lang='lat' dir='ltr'>sat</span> <span class='ocrx_word' id='word_1_181' title='bbox 932 3452 1163 3539; x_wconf 88' lang='lat' dir='ltr'>lepide.</span> <span class='ocrx_word' id='word_1_182' title='bbox 1256 3450 1424 3515; x_wconf 88' lang='lat' dir='ltr'>Nam</span> <span class='ocrx_word' id='word_1_183' title='bbox 1458 3449 1595 3536; x_wconf 87' lang='lat' dir='ltr'>pari</span> <span class='ocrx_word' id='word_1_184' title='bbox 1625 3449 1773 3534; x_wconf 87' lang='lat' dir='ltr'>jure</span> <span class='ocrx_word' id='word_1_185' title='bbox 1804 3445 2034 3511; x_wconf 89' lang='lat' dir='ltr'>Calain</span> <span class='ocrx_word' id='word_1_186' title='bbox 2063 3464 2326 3532; x_wconf 89' lang='lat' dir='ltr'>quoque</span> <span class='ocrx_word' id='word_1_187' title='bbox 2353 3450 2422 3505; x_wconf 89' lang='lat' dir='ltr'>et</span> 
     </span>
     <span class='ocr_line' id='line_1_27' title="bbox 315 3543 2423 3643; baseline -0.007 -23"><span class='ocrx_word' id='word_1_188' title='bbox 315 3555 514 3623; x_wconf 88' lang='lat' dir='ltr'>Zeten</span> <span class='ocrx_word' id='word_1_189' title='bbox 544 3577 655 3643; x_wconf 89' lang='lat' dir='ltr'>pro</span> <span class='ocrx_word' id='word_1_190' title='bbox 678 3553 967 3642; x_wconf 89' lang='lat' dir='ltr'>Neptuni</span> <span class='ocrx_word' id='word_1_191' title='bbox 992 3557 1415 3640; x_wconf 78' lang='grc' dir='ltr'>κυανοχαίτου</span> <span class='ocrx_word' id='word_1_192' title='bbox 1434 3550 1586 3614; x_wconf 90' lang='lat' dir='ltr'>filiis</span> <span class='ocrx_word' id='word_1_193' title='bbox 1603 3549 1836 3614; x_wconf 86' lang='lat' dir='ltr'>habere</span> <span class='ocrx_word' id='word_1_194' title='bbox 1865 3553 2162 3633; x_wconf 90' lang='lat' dir='ltr'>poterant</span> <span class='ocrx_word' id='word_1_195' title='bbox 2185 3543 2423 3630; x_wconf 85' lang='lat' dir='ltr'>quibus</span> 
     </span>
     <span class='ocr_line' id='line_1_28' title="bbox 316 3676 690 3720; baseline -0.003 -2"><span class='ocrx_word' id='word_1_196' title='bbox 316 3676 446 3720; x_wconf 90' lang='lat' dir='ltr'>non</span> <span class='ocrx_word' id='word_1_197' title='bbox 476 3676 690 3719; x_wconf 88' lang='lat' dir='ltr'>mmus</span> 
     </span>
    </p>
   </div>
   <div class='ocr_carea' id='block_1_9' title="bbox 692 3806 2050 3898">
    <p class='ocr_par' dir='ltr' id='par_1_10' title="bbox 692 3806 2050 3898">
     <span class='ocr_line' id='line_1_29' title="bbox 692 3806 2050 3898; baseline -0.01 -15"><span class='ocrx_word' id='word_1_198' title='bbox 692 3818 961 3883; x_wconf 77' lang='grc' dir='ltr'>Κυάνεαι</span> <span class='ocrx_word' id='word_1_199' title='bbox 990 3810 1287 3881; x_wconf 75' lang='grc' dir='ltr'>δονέοντο</span> <span class='ocrx_word' id='word_1_200' title='bbox 1313 3814 1464 3898; x_wconf 76' lang='grc' dir='ltr'>μετὰ</span> <span class='ocrx_word' id='word_1_201' title='bbox 1493 3814 1792 3897; x_wconf 76' lang='grc' dir='ltr'>πνοιῇσιν</span> <span class='ocrx_word' id='word_1_202' title='bbox 1823 3806 2050 3892; x_wconf 65' lang='grc' dir='ltr'>’ἔθειραι</span> 
     </span>
    </p>
   </div>
   <div class='ocr_carea' id='block_1_10' title="bbox 317 3964 2430 4265">
    <p class='ocr_par' dir='ltr' id='par_1_11' title="bbox 317 3964 2430 4265">
     <span class='ocr_line' id='line_1_30' title="bbox 317 3964 2426 4093; baseline -0.009 -47"><span class='ocrx_word' id='word_1_203' title='bbox 317 3990 391 4046; x_wconf 91' lang='lat' dir='ltr'>ut</span> <span class='ocrx_word' id='word_1_204' title='bbox 422 3980 715 4093; x_wconf 85' lang='lat' dir='ltr'>Apollon.</span> <span class='ocrx_word' id='word_1_205' title='bbox 742 3975 958 4045; x_wconf 87' lang='lat' dir='ltr'>Rhod.</span> <span class='ocrx_word' id='word_1_206' title='bbox 984 3975 1077 4041; x_wconf 78' lang='lat' dir='ltr'>ait</span> <span class='ocrx_word' id='word_1_207' title='bbox 1107 3974 1161 4054; x_wconf 90' lang='lat'>1,</span> <span class='ocrx_word' id='word_1_208' title='bbox 1184 3974 1364 4052; x_wconf 82' lang='lat'>223.)</span> <span class='ocrx_word' id='word_1_209' title='bbox 1454 3971 1648 4036; x_wconf 88' lang='lat' dir='ltr'>Nunc</span> <span class='ocrx_word' id='word_1_210' title='bbox 1681 3968 2022 4055; x_wconf 87' lang='lat' dir='ltr'>subjungit</span> <span class='ocrx_word' id='word_1_211' title='bbox 2048 3964 2426 4043; x_wconf 84' lang='lat' dir='ltr'>Pausanias,</span> 
     </span>
     <span class='ocr_line' id='line_1_31' title="bbox 319 4067 2427 4195; baseline -0.009 -47"><span class='ocrx_word' id='word_1_212' title='bbox 319 4083 402 4148; x_wconf 91' lang='lat' dir='ltr'>ab</span> <span class='ocrx_word' id='word_1_213' title='bbox 432 4082 545 4148; x_wconf 88' lang='lat' dir='ltr'>illa</span> <span class='ocrx_word' id='word_1_214' title='bbox 580 4080 877 4195; x_wconf 85' lang='lat' dir='ltr'>opinione</span> <span class='ocrx_word' id='word_1_215' title='bbox 906 4075 1367 4144; x_wconf 87' lang='lat' dir='ltr'>Antimachum</span> <span class='ocrx_word' id='word_1_216' title='bbox 1408 4074 1667 4161; x_wconf 85' lang='lat' dir='ltr'>longius</span> <span class='ocrx_word' id='word_1_217' title='bbox 1706 4069 2016 4149; x_wconf 83' lang='lat' dir='ltr'>recedere,</span> <span class='ocrx_word' id='word_1_218' title='bbox 2050 4077 2124 4133; x_wconf 91' lang='lat' dir='ltr'>ut</span> <span class='ocrx_word' id='word_1_219' title='bbox 2149 4067 2260 4156; x_wconf 88' lang='lat' dir='ltr'>qui</span> <span class='ocrx_word' id='word_1_220' title='bbox 2292 4090 2427 4131; x_wconf 87' lang='lat' dir='ltr'>ver·</span> 
     </span>
     <span class='ocr_line' id='line_1_32' title="bbox 321 4171 2430 4265; baseline -0.008 -15"><span class='ocrx_word' id='word_1_221' title='bbox 321 4185 499 4250; x_wconf 85' lang='lat' dir='ltr'>sibus</span> <span class='ocrx_word' id='word_1_222' title='bbox 544 4182 679 4249; x_wconf 88' lang='lat' dir='ltr'>suis</span> <span class='ocrx_word' id='word_1_223' title='bbox 709 4182 1010 4247; x_wconf 85' lang='lat' dir='ltr'>Arionem</span> <span class='ocrx_word' id='word_1_224' title='bbox 1049 4202 1085 4245; x_wconf 89' lang='lat' dir='ltr'>e</span> <span class='ocrx_word' id='word_1_225' title='bbox 1122 4188 1289 4245; x_wconf 86' lang='lat' dir='ltr'>terra</span> <span class='ocrx_word' id='word_1_226' title='bbox 1328 4176 1732 4265; x_wconf 88' lang='lat' dir='ltr'>progenitum</span> <span class='ocrx_word' id='word_1_227' title='bbox 1767 4171 2120 4239; x_wconf 85' lang='lat' dir='ltr'>tradiderit.</span> <span class='ocrx_word' id='word_1_228' title='bbox 2214 4171 2430 4257; x_wconf 86' lang='lat' dir='ltr'>Atque</span> 
     </span>
    </p>
   </div>
  </div>
 </body>
</html>
