3125 5009
1025 299 1460 350 ANTIMAcffl
1501 302 1707 351 vlTA.
2318 284 2413 352 39

566 444 894 504 Antimachi
927 446 1102 507 fortes
1125 469 1412 522 numeros,
1442 460 1501 511 et
1526 452 1787 513 carmina
1815 453 2015 526 lauda,

647 537 903 597 Heroum
933 550 1186 600 veterum
1215 542 1395 620 digna
1421 544 1755 624 superciliO,

562 629 836 691 Formata
863 632 1062 692 Aoniis
1092 633 1421 709 incudibus,
1450 638 1606 697 auris
1634 648 1810 697 acuta

641 722 708 781 Si
735 723 860 797 tibi,
889 724 937 783 si
965 735 1070 784 tua
1095 746 1261 787 mens
1290 748 1391 788 ora
1417 748 1616 789 severa
1643 732 1870 809 probat,

563 812 795 876 Nullius
824 817 972 896 pede
1000 817 1134 878 trita
1153 819 1324 900 juvet
1351 821 1398 880 si
1426 831 1482 881 te
1510 822 1622 881 via.
1708 820 1931 891 Quodsi

643 908 850 967 Pieriae
879 922 1170 989 sceptrum
1201 912 1389 972 laudis
1412 914 1703 974 Homerus
1730 913 1929 987 habet,

562 997 759 1060 Vincit
787 1000 1129 1080 Neptunum
1157 1025 1390 1083 quoque
1417 1008 1680 1086 Jupiter:
1726 1018 1979 1067 attamen
2012 1007 2109 1066 ille

644 1092 788 1151 Tam
821 1094 930 1153 Dis
959 1106 1048 1155 est
1073 1096 1276 1176 major,
1300 1118 1480 1176 quam
1510 1100 1659 1159 Jove
1685 1119 1819 1177 rege
1848 1102 2053 1159 minor.

561 1182 660 1242 Sic
692 1187 790 1243 uni
819 1187 973 1246 cedit
999 1186 1138 1247 civis
1168 1189 1524 1268 Colophonis
1557 1192 1836 1263 Homer0‚

639 1277 757 1336 Sed
786 1279 926 1339 colit
951 1280 1112 1339 hunc
1142 1291 1338 1341 vatum
1366 1293 1559 1342 cetera
1587 1285 1759 1342 turba
1778 1283 2009 1343 ducem.

315 1419 651 1488 Consentit
675 1426 954 1513 denique
978 1428 1366 1494 Plutarchus
1389 1439 1659 1495 venusto
1678 1429 1840 1511 loco,
1869 1429 1978 1494 ubi
2001 1428 2417 1495 Timoleontis

322 1530 505 1610 gesta
550 1526 740 1591 rebus
772 1526 1238 1615 Epaminondae
1266 1531 1370 1596 vel
1401 1531 1688 1618 Agesilai
1727 1552 2140 1617 componens,
2188 1531 2420 1596 horum

318 1625 582 1713 quidem
628 1630 926 1695 victorias
977 1632 1202 1697 scribit
1253 1633 1507 1720 magnis
1568 1633 1871 1720 periculis
1928 1655 2416 1721 aerumnosoque

315 1730 531 1796 labore
573 1742 796 1816 emtas,
836 1735 1008 1799 illius
1037 1744 1251 1800 autem
1283 1736 1586 1822 praeclare
1625 1736 1795 1802 facta
1826 1757 1976 1800 oum
2006 1736 2143 1823 pari
2172 1736 2422 1821 magni-

317 1833 542 1899 tudine
572 1836 843 1921 gratiam
876 1837 1200 1924 quandam
1231 1837 1562 1903 facilitatis
1585 1838 2031 1923 conjunxisse3
2078 1858 2210 1923 quo
2231 1838 2421 1903 modo

316 1934 692 2001 Antimachi
733 1948 1026 2025 poemata
1053 1961 1202 2003 cum
1234 1938 1493 2003 Homeri
1527 1938 1785 2025 ingenio
1817 1939 2037 2026 utique
2068 1941 2421 2025 comparari

317 2058 525 2124 posse,
567 2062 769 2127 quum
800 2042 930 2105 vim
961 2063 1036 2106 ea
1066 2041 1346 2107 habeant
1375 2050 1443 2106 et
1471 2062 1724 2119 nerVOS,
1756 2049 1825 2105 at
1856 2039 2216 2105 Homericis
2249 2040 2315 2104 in
2345 2061 2419 2105 eo

317 2162 566 2227 semper
593 2164 994 2224 concessura,
1022 2143 1199 2230 quod
1231 2164 1491 2230 operose
1522 2142 1868 2224 elaborata,
1899 2165 2027 2207 non
2058 2141 2247 2207 facile
2274 2142 2421 2206 fusa

317 2413 432 2463 tur.
517 2404 722 2481 ltaque
765 2403 858 2465 hic
903 2404 1064 2463 locus
1103 2403 1457 2463 concedatur
1493 2402 1935 2481 Epigrammati‚
1975 2402 2133 2480 quod
2165 2403 2409 2481 primum

320 2513 356 2552 a
383 2494 631 2555 Salmas.
663 2496 736 2555 ad
768 2495 1061 2575 Spartian.
1093 2496 1132 2554 l.
1163 2515 1216 2555 c.
1246 2495 1571 2573 vulgatum,
1603 2515 1759 2554 nunc
1789 2495 1845 2552 in
1876 2494 2169 2554 Analectt.
2193 2495 2416 2552 Brunc-

319 2588 508 2647 kianis
535 2598 725 2648 exstat
748 2589 818 2648 T.
849 2589 924 2648 11.
956 2610 1014 2668 p.
1049 2590 1185 2647 115.

547 2741 839 2823 ”Οβριμον
865 2744 1172 2821 εὔκαμᾶτου
1200 2748 1400 2820 στίχον
1427 2742 1657 2800 α’ίνεσον
1680 2739 2069 2820 Ἀντιμάχοιο,

623 2834 824 2903 ’Ἄξιον
850 2839 1109 2914 ἀρχαίων
1136 2834 1336 2913 ὀφρῦος
1364 2831 1636 2911 ἡμιθέων,

569 2927 837 3006 Πιερίδων
857 2926 1168 3007 χαλκευτὸν
1187 2926 1270 2985 ἐπ’
1290 2928 1548 3005 «inponat,
1578 2928 1625 2984 εἰ
1648 2924 1810 3004 τορὸν
1829 2921 1963 2991 οὖας

632 3017 953 3099 ”Ελλαχες,
982 3022 1029 3078 εἰ
1062 3022 1260 3088 ζαλοῖς
1287 3024 1392 3078 τὰν
1417 3020 1744 3093 ἀγέλαστον
1774 3019 1911 3085 ὅπα,

567 3110 641 3171 Ei
669 3117 776 3177 τὰν
803 3114 1066 3189 ἅτριπτον
1095 3114 1182 3171 καὶ
1209 3108 1537 3190 ἀνέμβατον
1564 3110 1821 3186 ἀτραπὸν
1850 3112 2046 3174 ἄλλοις

647 3210 880 3264 Maleae.
967 3200 1040 3262 Ei
1071 3203 1119 3261 δ’
1148 3202 1339 3283 ὕμνων
1367 3210 1648 3279 σκᾶπτρον
1672 3200 1935 3280 ”Ομηρος
1962 3198 2102 3277 ἔχει,

571 3296 689 3356 Καὶ
717 3298 852 3364 Ζεΰς
878 3320 960 3356 τοι
988 3300 1254 3374 κρείσσων
1285 3291 1712 3372 Ἐνοσίχθονος·
1744 3292 1877 3351 ἀλλ’
1902 3288 2264 3369 Ἐνοσίχθων

575 3384 583 3388 ’
645 3389 759 3448 Τοῦ
783 3388 891 3468 μὲν
919 3388 1019 3469 ἔφυ
1043 3393 1236 3469 μείων,
1262 3384 1574 3445 ἀθανάτων
1603 3384 1646 3443 δ’
1671 3383 1896 3449 ὕπατος.

573 3482 689 3541 Καὶ
721 3485 918 3560 ναετὴρ
947 3478 1286 3559 Κολοφῦνος
1311 3480 1637 3547 int-{Caram
1659 3474 1766 3555 μὲν
1788 3474 2035 3553 Ὁμήρῳ.

648 3574 907 3649 Ἀγεῖται
936 3572 980 3631 δ’
1007 3574 1204 3631 ἄλλων
1228 3568 1480 3635 πλάθεος
1507 3567 1859 3647 ὓμνοπόλων.

333 3742 709 3823 Epigramma
758 3738 871 3798 hoc
915 3736 972 3795 in
1023 3743 1216 3795 mente
1259 3743 1320 3793 et
1361 3732 1639 3792 memoria
1669 3730 1942 3790 habuisse
1981 3727 2430 3799 Quintilianum,

329 3859 465 3899 cum
501 3835 789 3918 judicium
834 3853 1003 3894 suum
1047 3831 1122 3891 de
1163 3828 1514 3889 Antimacho
1556 3827 1850 3907 proferret,
1896 3825 2140 3904 putabat
2179 3823 2431 3883 Salmas.

330 3933 372 3993 l.
413 3934 490 4003 1.,
520 3930 682 4008 isque
711 3927 874 3988 addit
901 3925 1087 3986 adeo:
1133 3926 1183 3983 A
1177 3921 1466 4002 ffectibus
1492 3930 1552 3980 et
1557 3920 1948 3997 jucunditate
1975 3918 2150 3995 defici
2166 3924 2432 3993 poetam,

334 4022 492 4103 quod
521 4020 767 4090 Quintil.
790 4019 960 4092 dixit,
987 4018 1099 4077 hoc
1129 4016 1318 4094 ipsum
1347 4012 1612 4091 agnoscit
1639 4010 1965 4089 Antipater,
1986 4009 2089 4069 sed
2114 4006 2292 4079 laudi,
2315 4025 2431 4064 non

335 4116 474 4177 vitio
502 4112 697 4173 ducit:
744 4118 790 4173 εἶ
821 4117 1018 4184 ζαλοῖς
1046 4115 1152 4169 τὰν
1179 4111 1499 4184 ἀγέλαστον
1528 4106 1663 4163 ὄπα.
