3125 5009
1185 308 1431 359 THEBA
1449 311 1530 361 is.
2313 294 2410 363 85

305 448 488 535 ῥίψαι
517 453 663 541 παρ’
696 453 931 533 ἆυτοῖς.
1024 456 1356 523 Postrema
1385 459 1582 525 habet
1603 480 1678 525 ex
1705 458 2018 527 Strabone
2044 460 2130 527 X.
2160 485 2223 550 p.
2256 463 2380 529 457
2391 513 2406 529 .

304 552 537 633 (702),
584 553 691 619 ubi
738 556 870 622 noti
920 578 1134 623 versus
1177 560 1544 627 Archilochi
1593 563 1896 651 adscripti
1941 572 2112 630 sunt.
2206 563 2406 632 Saum

300 655 617 721 vetustius
649 655 876 723 insuloe
904 659 1103 725 fuisse
1138 682 1392 743 nomen,
1422 663 1677 729 docebit
1706 686 1962 753 quoque
1996 665 2242 733 Diodor
2273 666 2406 733 Sic.

309 752 429 838 IV,
457 758 586 838 47„
620 780 657 823 a
678 759 799 823 levi
830 761 1061 827 mendo
1088 773 1419 851 purgatus.
1515 764 1790 832 Dixerat
1817 766 1906 832 ibi
1935 767 2240 855 primum:
2277 774 2410 849 Τὴν

310 857 728 948 Σαμοθρᾴκην
760 864 910 931 ’ένιοι
948 868 1062 949 μὲν
1092 870 1241 952 φασὶ
1272 868 1345 933 τὸ
1385 867 1660 935 παλαιὸν
1695 869 1915 953 Σάμον
1945 868 2404 954 ὀνομασθῆναιε

302 981 449 1025 mox
496 962 759 1028 aliorum
802 966 1185 1031 sententiam
1231 967 1544 1033 allaturus
1591 969 1812 1057 pergit,
1846 971 1994 1037 ’ἔνιοι
2035 967 2098 1037 δὲ
2143 978 2294 1057 φασὶ
2333 975 2408 1039 τὸ

304 1062 581 1132 παλαιὸν
615 1066 833 1150 Σάμον
864 1076 1060 1143 νῆσον
1091 1068 1501 1153 καλουμένην,
1532 1068 1633 1138 διὰ
1662 1074 1812 1148 τοὺς
1843 1070 2314 1150 ἀποικισθέντας
2345 1074 2410 1141 ’ἐκ

301 1194 363 1233 τε
398 1170 615 1252 Σάμου
640 1173 736 1236 καὶ
766 1167 1038 1258 Θρᾴκης,
1070 1169 1486 1259 Σαμοθρᾴκην
1516 1170 1958 1258 ὀνομασθῆναι.
2050 1174 2410 1241 Posteriora

304 1268 444 1335 loco
486 1272 707 1357 procul
754 1270 953 1337 dubio
1000 1272 1186 1337 scrib.
1236 1275 1433 1351 Σόου,
1478 1296 1610 1361 quo
1661 1274 1984 1340 Diodorus
2027 1275 2166 1362 ipse
2206 1275 2409 1357 ducit,

298 1391 437 1457 cap.
472 1392 602 1457 seq.
648 1369 917 1437 Saonem
964 1372 1246 1460 aliquem
1293 1374 1588 1460 prodens,
1632 1376 1744 1463 qui
1794 1375 1876 1440 ab
1922 1375 2133 1441 insula
2180 1397 2406 1441 nomen

298 1494 485 1537 suum
534 1473 867 1559 acceperit.
962 1472 1263 1560 Superest
1321 1477 1492 1543 Σόου
1540 1498 1790 1556 nomen,
1843 1477 1934 1541 sic
1984 1477 2178 1541 latius
2227 1499 2410 1542 usur-

298 1584 544 1659 patum,
595 1596 696 1663 ap.
752 1574 1065 1662 Lycophr.
1113 1574 1522 1663 antiquarum
1573 1599 1799 1643 vocum
1851 1579 2407 1665 frequentatorem,

298 1675 481 1742 Cass.
514 1676 639 1756 78„
675 1676 780 1741 ubi
816 1700 873 1741 v.
908 1676 1149 1744 Potter.
1241 1678 1547 1760 Certiora,
1582 1688 1756 1768 pute,
1783 1680 2107 1759 sciremus,
2133 1680 2185 1743 si
2221 1678 2405 1745 Pole-

298 1779 503 1844 monis
532 1778 1029 1867 geographicum
1056 1801 1220 1868 opus
1261 1780 1341 1845 de
1383 1779 1827 1847 Samothracia
1866 1790 2184 1868 superstes
2215 1790 2408 1861 esset,

301 1880 569 1945 citatum
589 1880 671 1945 ab
696 1880 931 1946 Athen.
955 1878 1076 1945 IX.
1104 1882 1323 1969 p.372.
1345 1883 1423 1946 A.
1476 1881 1604 1946 Sed
1624 1882 1954 1948 veniamus
1985 1881 2066 1945 ad
2099 1880 2410 1968 Mosych-

298 1982 454 2063 lum,
496 1982 766 2047 alterum
794 1990 1096 2063 montem,
1128 2004 1314 2072 aeque
1361 1982 1856 2069 praetermissum
1904 2004 1943 2047 a
1988 1980 2406 2071 Geographis‚

214 2124 221 2131 ·
294 2083 535 2171 Attigit
580 2105 728 2149 eum
772 2082 1077 2149 Boc-hart.
1129 2084 1209 2150 de
1257 2083 1483 2149 Colon.
1536 2084 1770 2151 Phoen.
1817 2083 1872 2164 1,
1909 2084 2033 2163 12„
2073 2093 2138 2149 et
2181 2093 2410 2171 praeter

297 2184 673 2251 Scholiastae
714 2184 913 2249 nostri
946 2184 1157 2251 locum
1199 2185 1361 2251 nihil
1401 2186 1521 2252 nisi
1560 2185 1982 2275 etymologias
2013 2207 2164 2251 suas
2198 2185 2408 2273 potuit

300 2286 651 2377 propinare.
717 2285 1123 2375 Ignivomum
1151 2286 1331 2352 illum
1357 2298 1636 2355 montem
1666 2287 1887 2367 fuisse,
1917 2308 1994 2353 ex
2026 2287 2186 2375 ipsis
2217 2287 2410 2353 Anti-

300 2390 513 2457 machi
567 2389 875 2470 versibus,
927 2399 993 2455 et
1050 2388 1501 2457 Eratosthenis
1554 2391 1910 2477 fragmento
1960 2388 2290 2469 discimuS,
2344 2399 2410 2455 ct

296 2493 451 2559 satis
497 2500 648 2558 nota
692 2490 947 2557 aliunde
998 2500 1133 2557 tota
1175 2491 1452 2558 Lemnus
1494 2500 1751 2579 propter
1795 2491 1962 2579 ignis
2015 2490 2405 2557 subterranei

295 2592 736 2682 explosiones3
804 2602 995 2658 notus
1054 2590 1350 2658 Lemnius
1398 2591 2011 2678 paten-—E'lxekom
2072 2588 2152 2669 ἣν
2209 2592 2408 2656 relata

296 2697 554 2761 fuerunt
582 2694 661 2760 ad
694 2694 911 2781 φλόγα
948 2703 1062 2758 aut
1091 2693 1295 2759 simile
1327 2693 1508 2781 quid,
1538 2692 1658 2757 nisi
1700 2692 1911 2781 potius
1943 2692 2064 2757 fuit
2095 2696 2131 2759 ὅ
2158 2690 2263 2777 ῥα,
2296 2692 2404 2758 ubi

296 2798 355 2863 vi
382 2796 707 2885 sequentis
738 2817 1033 2860 consonae
1064 2795 1371 2860 articulus
1404 2795 1670 2881 produci
1701 2802 1927 2881 potest.
2021 2796 2304 2877 Δαίμωυ,
2334 2793 2402 2859 h.

295 2902 465 2977 θεὸς,
518 2897 598 2963 de
648 2895 942 2962 Vulcano
974 2896 1300 2985 „intelligo
1396 2895 1465 2961 Is
1523 2899 1783 2964 τιτύσκει
1832 2893 2108 2982 projicit,
2162 2905 2406 2960 eructat

296 3002 543 3089 ignem3
587 2999 759 3088 quod
802 2998 1084 3063 activum
1125 2996 1508 3087 exquisitius
1549 2996 1828 3085 positum
1870 3018 1984 3086 pro
2013 2994 2244 3073 medio,
2275 3018 2406 3083 quo

302 3102 617 3170 Homerus
650 3102 850 3167 utitur
876 3100 958 3165 de
986 3099 1207 3165 eadem
1238 3120 1303 3165 re
1340 3098 1414 3162 11.
1445 3112 1511 3186 φ,
1532 3098 1681 3163 342.

732 3228 1089 3317 ’Ἥφαιστος
1115 3230 1427 3315 τιτύσκετο
1456 3222 1788 3300 θεσπιδαὲς
1813 3232 1957 3310 πῦρ.

1186 3509 1517 3577 XXVIII.

536 3696 816 3791 -”Ως
854 3700 942 3817 ῥα
982 3696 1126 3781 τότ’
1165 3696 1479 3801 Ἀργείων
1520 3693 1787 3798 ἱκολῴει
1828 3690 2146 3799 στράτος.

298 3908 665 3975 ΕυΒΤΑΤΗ.
698 3906 781 3971 ad
808 3904 885 3969 Il.
910 3904 987 3993 β.
1009 3904 1157 3968 212.
1184 3899 1441 3987 ἐκολῴα.
1494 3904 1842 3984 Σημείωσαι
1873 3896 1957 3977 δὲ,
1984 3900 2102 3977 ὅτι,
2126 3895 2406 3983 Ὀμήρου

300 4008 587 4097 δευτέρας
628 4008 937 4095 συζυγίας
968 4003 1207 4081 εἰδότος
1247 4006 1321 4069 τὸ
1362 4001 1606 4089 κολῳῶ,
1633 3999 1788 4069 καθὰ
1823 3997 2008 4077 δηλοῖ
2035 3999 2108 4066 τὸ
2143 3996 2406 4082 ἐκολῴα,

300 4116 522 4197 ὅμοιον
550 4112 631 4177 ὃν
673 4116 763 4195 τῷ
788 4107 977 4195 ἐβόα,
1006 4112 1203 4194 φασὶν
1242 4108 1301 4173 οἱ
1344 4104 1623 4183 παλαιοὶ,
1655 4108 1751 4169 καὶ
1785 4103 2042 4189 πρώτης
2071 4100 2224 4167 αὐτὸ
2255 4097 2410 4165 εἶναι
