3125 5009
730 281 865 351 128
1320 300 1768 351 AN‘nMAcm
1822 300 2230 359 amemus.

720 454 873 526 τοὺς
890 448 1225 527 ’Έλληνας
1254 448 1556 537 λέγουσιν
1578 472 1596 529 ;
1641 470 1870 535 nempe
1889 448 2144 513 diversa
2165 446 2697 537 pronunciatione
2725 469 2843 535 pro

724 550 993 629 Ἰάονας.
1025 575 1087 616 v.
1118 551 1199 617 ad
1234 550 1515 639 Hesyoh.
1544 550 1616 615 T.
1645 550 1740 631 11,
1770 573 1832 638 p.
1865 552 1924 615 8.

1552 946 2015 1011 LXXXVIII.

728 1176 915 1240 IDEM
943 1199 959 1239 ε
1002 1176 1294 1261 Ἐπίηρα·
1338 1176 1456 1250 τὴν
1478 1172 1605 1258 μετ’
1631 1174 1986 1258 ἐπικουρίας
2020 1168 2210 1259 χάριν
2230 1169 2539 1259 μεγάλην,
2568 1171 2608 1248 ἢ
2640 1174 2704 1237 ἐκ
2734 1181 2849 1248 τῆς

722 1282 1086 1364 περιουσίας
1146 1278 1234 1351 ὡς
1291 1274 1702 1375 Ἀντίμαχος.
1817 1272 2145 1339 Docemur
2201 1273 2313 1350 ita,
2372 1271 2842 1336 Antimachum

728 1401 885 1444 voce
914 1382 1155 1466 ἐπίηρα,
1185 1387 1259 1441 ut
1289 1375 1696 1442 substantiva
1719 1384 1783 1440 et
1813 1376 2102 1441 neutrius
2124 1375 2372 1463 generis
2401 1397 2592 1439 usum
2620 1375 2847 1454 fuisse,

722 1482 899 1569 quod
940 1492 1165 1548 eontra
1204 1502 1315 1546 eos
1353 1488 1474 1558 est,
1514 1478 1629 1565 qui
1670 1500 1892 1543 vocem
1935 1477 2105 1543 hanc
2133 1477 2392 1542 omnino
2433 1500 2470 1542 e
2509 1477 2846 1565 graecitate

723 1582 1079 1663 eliminant,
1108 1591 1181 1646 ut
1215 1580 1371 1647 lntt.
1404 1579 1484 1645 ad
1517 1578 1810 1666 Hesych.
1841 1579 2009 1645 v.'H
2040 1579 2124 1666 ῥα
2148 1587 2212 1643 et
2253 1578 2542 1643 Brunck.
2575 1577 2664 1643 V.
2699 1576 2842 1642 Cel.

724 1683 805 1747 ad
854 1684 1149 1749 Analect.
1192 1682 1309 1747 Gr.
1348 1705 1413 1769 p.
1462 1682 1604 1746 112.
1644 1681 1719 1747 Τ.
1769 1681 1897 1747 111.
1989 1681 2118 1747 Sed
2164 1704 2222 1745 v.
2270 1679 2530 1745 doctam
2574 1678 2844 1745 Praefat.

724 1784 972 1867 Wolfii,
1003 1785 1144 1849 Viri
1185 1784 1626 1850 immortaliter
1665 1785 1746 1848 de
1787 1806 1888 1849 me
1927 1782 2159 1864 meriti,
2201 1782 2283 1847 ad
2327 1781 2520 1847 Hom.
2557 1781 2750 1846 Iliad.
2781 1803 2844 1868 p.

1587 2158 1978 2222 LXXXIX.

729 2385 1060 2449 Hnsvcu.
1092 2395 1156 2450 et
1200 2384 1356 2450 Lex.
1388 2383 1586 2450 Rhet.
1621 2384 1750 2449 Ms.
1783 2407 1888 2472 ap.
1921 2384 2275 2451 Ruhnken.
2306 2386 2371 2449 in
2417 2386 2728 2452 Auctario
2768 2386 2844 2451 Τ.

728 2489 818 2552 II.
850 2488 1233 2574 subjuncto:
1284 2491 1665 2575 Ζειροφόρος
1689 2493 1736 2554 ὅ
1764 2484 2009 2568 Ἀΐδης,
2040 2486 2212 2575 παραὶ
2254 2486 2635 2577 Ἀντιμάχῳ.
2729 2490 2850 2554 Vi-

725 2589 915 2653 detur
954 2610 1091 2651 esse
1137 2610 1176 2652 a
1218 2586 1412 2675 ζειρά,
1458 2611 1606 2675 quae
1653 2588 2015 2653 indumenti
2059 2588 2304 2676 speeies
2349 2590 2648 2676 quaedam
2696 2591 2845 2655 fuit.

725 2691 807 2754 V.
843 2690 1062 2778 Etym.
1096 2690 1193 2754 M.
1225 2714 1289 2777 p.
1322 2692 1469 2755 410.
1496 2692 1539 2754 l.
1574 2692 1678 2755 20.
1769 2688 2053 2776 Hesych.
2087 2714 2145 2754 v.
2179 2690 2375 2777 ζειρά,
2407 2702 2472 2756 et
2501 2693 2718 2779 plures
2748 2695 2844 2759 ibi

636 2857 641 2866 ,
725 2794 861 2858 citt.
2341 2825 2348 2831 ·

1709 3050 1856 3114 XC.

723 3277 1048 3341 HESYCH.
1142 3280 1481 3344 Σῦστενον·
1530 3280 2150 3365 στενοχωρουμένου·
2202 3283 2494 3367 τρίχινος
2536 3283 2758 3368 χιτὼν,
2800 3285 2842 3361 ἢ

718 3379 1029 3467 ῥυπαρός.
1102 3376 2318 3466 Ἀντίμαχος.-ΞΟΗ.--Μαηίίέεί;ιιῐῐι
2349 3392 2446 3445 est
2475 3383 2637 3447 duas
2668 3384 2843 3471 glos-

717 3503 823 3545 sas
844 3502 1173 3567 perperam
1204 3479 1532 3567 conjungi.
1627 3479 1795 3568 Lege
1823 3486 2163 3549 Σΰστενον·
2215 3488 2842 3571 στενοχωρούμενον,

720 3588 1042 3671 Τρῦχινος
1075 3584 1293 3669 χιτὼν,
1324 3586 1360 3648 ὁ
1400 3580 1711 3668 ῥυπαρός.
1756 3583 2167 3671 Ἀντίμαχος.
2260 3589 2580 3673 Τρΰχινος
2620 3609 2839 3652 emen-

716 3685 916 3750 dabat
945 3683 1315 3748 Salmasius.
1392 3682 1674 3768 Etymol.
1707 3683 1803 3748 M.
1838 3706 1898 3770 p.
1935 3686 2081 3763 768,
2115 3687 2220 3750 45.
2299 3692 2629 3775 Τρίχινον,
2661 3689 2838 3778 mapa*
2887 3700 2894 3707 ’

716 3789 789 3853 τὸ
813 3789 1030 3873 τρΰχω
1055 3788 1128 3852 τὸ
1155 3789 1509 3863 καταπονῶ,
1532 3786 1606 3852 τὸ
1629 3792 2050 3854 καταπονοῦν.
2077 3795 2177 3855 καὶ
2202 3788 2492 3875 ἆλγῦνον
2514 3792 2586 3856 τὸ
2612 3796 2794 3875 σῶμα
2814 3816 2831 3855 :

714 3888 825 3953 ubi
863 3888 1210 3975 legendum
1252 3909 1389 3952 esse
1429 3891 1740 3975 τρΰχινον
1776 3910 1988 3953 caecus
2030 3889 2275 3955 viderit.
2367 3890 2648 3958 Omnino
2676 3917 2834 3959 con-

714 3990 1021 4055 sulendus
1050 3988 1357 4053 Davisius
1386 3989 1466 4052 ad
1510 3989 1691 4052 Max.
1723 3988 1871 4075 Tyr.
1909 3989 2109 4072 XIII,
2140 3995 2202 4073 5,
2233 4016 2298 4080 p.
2327 3995 2476 4075 645,
2512 3995 2624 4083 qui
2655 3997 2826 4063 hanc

712 4113 934 4156 vocem
963 4091 1215 4179 egregie
1244 4089 1961 4157 administravit.—BL.
