3125 5009
1216 341 1565 391 THEBAls.
2348 328 2441 398 67

330 470 480 539 Deli
529 486 852 545 vetustum
900 505 1126 549 nomen
1179 491 1458 564 Κύνὲος.
1553 489 1697 577 Ipse
1745 488 2052 578 Stephan.
2095 514 2154 557 v.
2201 493 2442 572 Δῆλος.

325 577 647 648 Ἐκαλεῖτο
678 580 740 651 δὲ
775 588 1035 664 Κύνθος
1061 588 1187 657 α’πὸ
1222 595 1484 659 Κύνθου
1514 601 1626 659 τοῦ
1656 595 1977 661 Ὠκεανοῦ.
2003 595 2087 659 cf.
2118 594 2285 659 Plin.
2321 597 2440 678 IV,

331 678 431 743 12.
467 684 629 748 med.
720 687 937 775 Atque
978 690 1129 754 alibi
1170 706 1449 781 quoque,
1490 705 1555 759 et
1599 696 1666 760 in
1718 698 1873 784 ipsis
1920 698 2020 763 his
2071 699 2442 786 fragmentis

323 777 435 865 (N.
468 782 761 866 XXVI.)
794 792 1088 878 exempla
1127 805 1488 876 occurrunt,
1517 797 1624 861 ubi
1669 806 1918 863 montes
1951 798 2228 885 primum
2257 800 2442 866 habi-

327 882 443 947 tati
502 907 649 950 mox
711 890 1023 959 universae
1080 896 1323 983 regioni
1382 898 1644 963 nomina
1699 900 2038 982 dederunt,
2101 904 2205 987 cuj
2217 925 2290 966 us
2344 905 2436 970 'rei

323 1005 519 1051 causa
567 1011 695 1054 non
742 993 900 1059 adeo
953 996 1139 1085 longe
1187 999 1309 1065 erit
1359 1002 1726 1089 quaerenda.
1819 1002 2069 1079 Quodsi
2122 1004 2262 1071 haec
2308 1029 2436 1071 non

324 1106 497 1151 mera
520 1090 853 1161 hariolatio
864 1095 1173 1180 videatur,
1184 1102 1394 1188 potuit
1414 1104 1678 1169 omnino
1688 1104 2138 1187 Antimachu8‚
2152 1107 2434 1176 affectati

324 1192 631 1257 sermonis
660 1204 906 1278 auctor,
935 1221 1230 1267 renovare
1260 1203 1387 1267 vim
1420 1205 1592 1269 verbi
1627 1206 2000 1272 obsoletam.

1288 1504 1475 1600 vlu.

716 1718 1134 1816 Ἀσ-πασῖως
1171 1721 1240 1805 δέ
1278 1755 1427 1826 σφω
1468 1725 1634 1831 ἆγεν
1665 1725 1888 1809 οἴκαδε
1930 1781 2042 1790 —-

1272 2125 1277 2129 ¹
1323 2048 1446 2112 IX.

715 2274 825 2285 —-
887 2223 993 2306 Tc)
1031 2228 1163 2307 nal
1194 2255 1345 2327 σφω
1384 2228 1664 2331 ’γείνατο
1700 2228 1939 2347 μητῆξ.

326 2414 723 2482 ΡΒΛοΜιΝΑ
754 2420 892 2484 haec
932 2419 1299 2486 Thebaidos
1338 2423 1493 2487 mihi
1534 2425 1973 2510 suppeditavit
2013 2428 2197 2493 locus
2230 2431 2434 2517 Apol-

322 2520 476 2585 lonii
527 2528 667 2609 περὶ
718 2522 1148 2608 α’ντωνυμιῶν,
1200 2524 1487 2611 prolatus
1532 2546 1574 2589 a
1626 2524 1942 2593 Salmasio
1985 2528 2067 2592 ad
2115 2528 2319 2595 Solin.
2365 2557 2430 2620 p.

322 2623 473 2688 598.
534 2622 617 2688 Β.
670 2622 923 2704 Totum,
983 2625 1341 2714 quantillus
1394 2634 1514 2707 est,
1577 2626 1977 2694 adscribam:
2047 2634 2136 2699 Τὸ
2193 2633 2433 2721 πλῆρες

322 2730 514 2813 σφῶε·
560 2732 700 2814 (per
741 2726 967 2793 vitium
1013 2727 1369 2814 typothetae
1414 2728 1724 2815 scriptum
1767 2740 1867 2795 est
1914 2735 2120 2819 σφώς)
2155 2736 2326 2822 παρὰ
2368 2734 2433 2803 δὲ

320 2827 681 2918 Ἀντιμάχῳ
720 2835 817 2896 καὶ
856 2828 1381 2916 μονοσυλλάβως
1415 2833 1482 2897 ἐν
1520 2835 1699 2919 τρίτῃ
1741 2830 2094 2918 Θηβαΐδος,
2119 2840 2191 2903 τὸ
2229 2843 2329 2904 καὶ
2366 2867 2429 2904 o·-

324 2959 390 3017 γ.
421 2959 486 3016 μ.
513 2937 612 2998 καὶ
642 2935 707 2999 ἐν
738 2933 975 3019 πρώτῃ,
1005 2931 1273 2997 Ἀσπασ.
1301 2929 1358 3000 ὃ.
1386 2961 1447 2997 σ.
1490 2961 1546 2998 α.
1575 2961 1630 2999 ο.
1723 2933 1912 2999 Liber
1953 2936 2057 3001 hic
2093 2938 2172 3005 de
2199 2960 2434 3023 prono·

322 3031 587 3097 minibus
616 3054 743 3097 non
773 3032 837 3096 in
870 3032 1060 3098 editis
1089 3033 1413 3120 Apollonii
1456 3034 1725 3121 Dyscoli
1767 3046 1864 3100 est
1905 3040 2145 3126 (neque
2183 3038 2433 3125 aliquid

321 3135 404 3200 ad
424 3134 889 3200 Antimachum
919 3134 1240 3222 pertinens
1262 3136 1537 3222 praebuit
1568 3138 1806 3201 summi·
1823 3137 1994 3203 illius
2015 3139 2432 3207 Grammatici

323 3258 487 3323 opus
544 3238 627 3303 de
688 3236 994 3324 Syntaxi)
1044 3237 1159 3302 sed
1213 3236 1369 3303 latet
1425 3237 1640 3303 adhuc
1700 3262 1848 3304 cum
1904 3239 2050 3305 aliis
2107 3240 2434 3305 nonnullis

323 3338 614 3425 ejusdem
640 3338 943 3419 auctoris,
974 3339 1350 3404 nominatim
1374 3340 1606 3407 libellis
1627 3347 1768 3429 περὶ
1801 3339 2165 3428 συνδέσμων
2188 3364 2263 3408 ac
2291 3349 2434 3429 περὶ

324 3439 778 3527 ἐπιρῤημάτων,
806 3442 875 3505 in
908 3440 1313 3506 Bibliotheca
1351 3442 1527 3528 regia
1571 3442 1943 3523 Parisiensi,
1976 3445 2145 3508 unde
2187 3442 2434 3509 Salma-

325 3542 457 3607 sius
499 3542 702 3629 petiit.
793 3542 1045 3608 Docent
1087 3542 1209 3607 hoc
1252 3542 1511 3608 Kuster.
1542 3544 1625 3607 ad
1671 3542 1940 3608 Suidam
1982 3542 2038 3608 Ι.
2087 3544 2142 3609 Ι.
2181 3567 2244 3631 p.
2284 3546 2432 3611 284.

322 3653 391 3709 et
427 3646 765 3709 doctorum
805 3642 1194 3709 Batavorum
1236 3644 1406 3726 libri,
1439 3644 1505 3708 in
1548 3645 1787 3728 quibus
1817 3652 1946 3709 'nos
1974 3644 2212 3710 talibus
2241 3666 2436 3734 cupe-

325 3746 575 3812 diarum
604 3744 890 3811 frustulis
920 3745 1192 3811 subinde
1218 3744 1565 3811 delectant.
1625 3745 1809 3810 Prior
1838 3766 2059 3811 versus
2087 3745 2168 3810 de
2198 3747 2437 3813 deduc·

322 3848 498 3913 tione
529 3846 731 3934 Tydei
770 3856 835 3911 et
872 3846 1203 3934 Polynicis
1240 3846 1307 3911 in
1344 3847 1605 3914 Adrasti
1637 3847 1898 3912 domum
1937 3869 2127 3935 agere
2156 3848 2431 3914 videtur.

328 3949 737 4036 conjecturae
762 3949 1081 4015 succurrit
1108 3948 1319 4013 dualis
1351 3951 1513 4036 σφώ,
1536 3948 1853 4014 succurrit
1881 3947 2064 4013 sedes
2092 3949 2435 4036 fragmenti

325 4051 395 4115 in
443 4051 605 4115 libro
652 4050 876 4137 primo,
920 4060 988 4116 et
1040 4048 1307 4131 Statim,
1345 4051 1626 4117 eandem.
1667 4074 1800 4117 rem
1849 4051 1916 4115 in
1963 4051 2274 4138 principio
2324 4074 2437 4116 ex·

326 4168 587 4235 ponens.
