3125 5009
1208 370 1554 421 ΤΗΕΒΛιε.
1625 418 1630 421 ,
2342 350 2437 421 89

321 516 649 582 suetudini
666 526 730 582 et
754 517 1044 583 facilitati
1070 518 1457 600 similiorem,
1478 543 1676 608 quam
1695 519 2103 587 Antimachei
2129 521 2431 608 plerique.

322 615 425 681 Ex
467 618 746 685 Homero
786 620 979 685 etiam
1020 621 1215 686 verba
1256 621 1559 710 pleraque
1600 632 1665 687 et
1705 645 1910 687 mores
1953 631 2126 703 sunt,
2165 633 2240 688 ut
2275 624 2437 688 nihil

318 721 761 808 explicationis
809 746 973 810 opus
1026 724 1131 787 sit.
1222 724 1497 789 Textum
1557 724 1919 811 fragmenti,
1973 736 2162 792 antea
2215 726 2435 790 leviter

320 823 759 910 depravatum,
809 836 881 889 ut
930 825 1101 906 dedi,
1147 827 1563 891 restituerunt
1611 826 1893 892 Casaub.
1941 827 2021 891 ad
2075 828 2310 892 Athen.
2367 838 2432 892 et

319 924 634 992 Valcken.
694 929 762 992 ll.
811 949 905 993 cc.
982 927 1204 992 Unum
1266 928 1576 1008 revocavi,
1628 952 1688 992 V.
1743 931 1802 993 8.
1873 928 2193 1016 Ἐριννῦν,
2250 930 2426 1018 quod

320 1027 549 1095 Valck.
583 1029 869 1095 mutarat
892 1031 960 1095 in
988 1032 1303 1118 Ἐριννΰς.
1351 1029 1483 1095 Res
1507 1030 1670 1118 ipsa,
1693 1030 2180 1118 imprecationes
2205 1031 2430 1117 OEdipi

316 1130 384 1196 in
417 1132 602 1213 filios,
620 1132 908 1220 pluribus
937 1133 1141 1219 poetis
1165 1141 1617 1221 argumentum
1639 1132 1834 1213 fuere,
1860 1155 2024 1221 quos
2047 1134 2290 1197 excitat
2323 1134 2428 1197 Ill.

322 1234 531 1322 Heyn.
564 1236 645 1300 ad
677 1236 973 1323 Apollod.
1005 1258 1067 1322 p.
1095 1235 1245 1299 604.
1252 1284 1272 1316 ‚
1298 1233 1536 1322 quibus
1561 1234 1729 1300 adde
1753 1233 1919 1300 Stat.
1942 1234 2131 1316 Th.1,
2156 1235 2260 1299 49.
2281 1258 2426 1324 sqq.

321 1336 755 1404 Meminerunt
792 1360 1010 1404 earum
1049 1338 1245 1404 etiam
1287 1337 1578 1424 prosaici,
1609 1347 1684 1403 ut
1725 1337 1916 1402 Plato
1962 1337 2172 1402 Alcib.
2208 1335 2297 1401 II.
2330 1360 2422 1423 pr.

314 1448 379 1503 et
412 1440 605 1528 Legg.
639 1439 761 1505 XI.
794 1463 856 1529 p.
888 1441 1034 1506 931.
1070 1439 1149 1506 B.
1183 1439 1406 1527 Steph.
1500 1437 1808 1516 Οἰδίπους
1859 1436 2216 1524 ἀτιμασθεὶς
2257 1444 2428 1510 ἐπεύ-

321 1540 495 1622 ξατο,
526 1542 606 1606 ad
639 1542 1067 1631 fragmentum
1099 1552 1384 1610 nostrum
1418 1542 1727 1629 apposite.

1211 1914 1537 1981 XXXIV.

321 2140 643 2203 PAUSAN.
676 2138 887 2203 Boeot.
919 2160 972 2203 e.
1013 2139 1113 2203 18.
1140 2162 1201 2225 p.
1234 2140 1378 2203 746.
1472 2144 1652 2227 Πρὸς
1691 2147 1772 2228 τῇ
1812 2149 1990 2229 πηγῇ
2035 2140 2430 2231 (Οἰδιποδίᾳ)

322 2245 525 2332 τάφος
555 2246 725 2309 ἐστὶν
766 2239 1167 2328 Ἀσφοδίκου·
1218 2249 1315 2309 καὶ
1358 2248 1395 2309 ὁ
1431 2242 1811 2331 Ἀσφόδικος
1853 2246 2042 2321 οὗτος
2087 2244 2433 2314 ἀπέκτεινεν

320 2352 387 2416 ἐν
433 2353 513 2435 τῇ
556 2348 734 2434 μάχῃ
783 2351 863 2433 τῇ
900 2348 1067 2431 πρὸς
1095 2342 1429 2433 Ἀργείους
1460 2344 1946 2433 Παρθενοπαῖον
1994 2350 2109 2414 τὸν
2152 2348 2430 2429 Ταλαοῦ,

321 2446 479 2516 καθὰ
513 2452 573 2514 οἱ
606 2445 882 2534 Θηβαῖοι
905 2447 1224 2534 λέγουσιν.
1270 2448 1443 2513 Ἐπεὶ
1484 2449 1563 2513 τά
1602 2476 1674 2534 γε
1717 2451 1784 2514 ἐν
1825 2445 2234 2534 Θηβαίὸιέπη
2261 2451 2337 2515 τὰ
2367 2454 2433 2526 ἐς

326 2553 443 2629 τὴν
465 2546 946 2637 Παρθενοπαίου
964 2550 1257 2628 τελευτὴν
1277 2550 1745 2637 Περικλύμενον
1768 2552 1883 2616 τὸν
1907 2549 2216 2616 ἀνελόντα
2242 2557 2436 2637 φασὶν

321 2653 493 2720 εἶναι.
588 2651 759 2717 Dedi
788 2652 1000 2716 locum
1031 2662 1095 2715 et
1119 2653 1318 2732 hunc,
1351 2652 1598 2716 monitu
1641 2651 1962 2715 adductus
2003 2650 2434 2717 Valckenaerii

328 2754 410 2818 ad
447 2755 673 2843 Eurip.
707 2754 940 2819 Phoen.
976 2779 1029 2820 v.
1068 2754 1283 2835 1164„
1315 2754 1429 2842 qui
1471 2761 1537 2817 et
1563 2754 1687 2817 hoc
1725 2753 1809 2817 ad
1845 2761 2137 2817 nostrum
2176 2763 2434 2842 poetam

325 2858 545 2922 trahit.
639 2856 807 2921 Nam
836 2857 987 2921 licet
1017 2856 1153 2938 viri,
1183 2856 1341 2920 dum
1370 2855 1553 2935 vixit,
1579 2855 1978 2943 sagacissimi
2009 2856 2282 2924 rationes
2305 2881 2434 2924 non

326 2970 649 3046 exputem,
680 2961 847 3025 malo
874 2968 1089 3025 tamen
1118 2959 1341 3025 erroris
1380 2959 1518 3047 ipse
1546 2958 1750 3046 argui,
1781 2980 1981 3047 quam
2010 2966 2253 3024 tantam
2284 2983 2437 3026 auc-

323 3064 643 3129 toritatem
688 3062 1026 3151 negligere.
1118 3062 1375 3151 Quippe
1419 3062 1580 3126 mihi
1620 3062 1702 3127 de
1743 3062 1988 3149 cyclica
2027 3062 2242 3149 potius
2271 3062 2438 3128 The-

323 3167 511 3233 baide
557 3158 915 3231 Pausanias
965 3166 1142 3254 loqui
1189 3166 1461 3246 videtur,
1492 3186 1689 3252 quam
1735 3164 1958 3230 eodem
2002 3164 2194 3252 plane
2246 3163 2436 3231 modo

324 3269 567 3335 excitat
592 3268 717 3335 alio
744 3270 906 3350 loco,
938 3269 1174 3332 Arcad.
1207 3289 1268 3354 p.
1302 3267 1471 3347 650„
1500 3276 1579 3332 ut
1608 3275 1672 3331 et
1698 3265 1999 3353 Apollod.
2034 3264 2088 3345 1,
2119 3266 2184 3330 8.
2218 3266 2301 3346 4.,
2327 3266 2436 3331 ubi

326 3395 385 3436 v.
420 3368 523 3437 Ill.
551 3370 762 3458 Heyn.
798 3393 861 3459 p.
893 3370 1040 3435 997.
1129 3368 1254 3434 Sed
1285 3394 1345 3435 v.
1380 3391 1575 3456 supra
1614 3390 1676 3455 p.
1708 3370 1812 3432 23.
1904 3367 2281 3432 Notandum
2313 3367 2439 3448 hic,

326 3474 499 3563 quod
542 3472 713 3562 apud
746 3472 904 3537 Stat.
940 3471 1065 3553 IX,
1095 3472 1242 3537 855.
1274 3494 1415 3560 sqq.
1508 3470 2030 3557 Parthenopaeus
2062 3493 2102 3534 a
2150 3470 2441 3557 Dryante

329 3574 663 3655 occiditur,
690 3596 839 3661 quae
869 3572 1203 3637 diversitas
1223 3594 1303 3639 ex
1331 3572 1720 3637 Antimacho
1740 3593 1878 3636 esse
1911 3580 2136 3658 potest.
