3125 5009
1226 317 1445 427 Lrnss.
2290 352 2387 421 93

283 522 654 588 correctioni
682 525 1224 611 probabilitatem,
1258 536 1333 593 ut
1360 527 1425 591 in
1456 526 1570 593 tali
1601 548 1687 605 re,
1717 546 2014 613 magnam
2047 521 2393 589 conciliant

281 623 411 687 duo
465 627 885 711 posteriorum
934 630 1317 716 scriptorum
1370 630 1515 709 loci,
1564 629 1687 694 etsi
1732 651 1862 693 non
1907 626 2080 691 idem
2134 624 2392 690 omnino

284 725 657 808 dicentium,
712 728 1018 817 Stephani
1081 731 1239 819 Byz.
1310 742 1376 797 et
1438 730 1770 818 Hesychii.
1863 729 2108 793 Horum
2164 728 2274 791 ille
2329 750 2391 790 v.

288 831 510 917 Πάρος
554 854 587 895 e
634 831 952 899 Nicanore
999 834 1163 898 inter
1202 844 1417 899 vetera
1458 833 1612 899 Pari
1653 833 1881 897 insulae
1924 831 2182 895 nomina
2209 830 2398 893 refert

286 931 478 995 etiam
501 933 862 1023 Κάβαρνιυ,
882 935 1009 1003 ἀπὸ
1036 934 1392 1025 Καβᾶρνου
1413 943 1527 1003 τοῦ
1544 938 1946 1017 μηνύσαντος
1962 936 2078 1011 τὴν
2101 934 2398 1019 ἁρπαγὴν

286 1037 367 1121 τῇ
412 1039 696 1124 Δήμητρι
736 1046 849 1115 τῆς
892 1042 1237 1125 θυγατρός.
1328 1038 1455 1103 Hic
1502 1038 1569 1101 in
1611 1036 1888 1101 Lexicoz
1939 1031 2297 1121 Καβᾶρνοι·
2337 1036 2399 1099 οἱ

286 1145 397 1213 Τῆς
428 1142 765 1226 Δήμητρος
797 1143 1001 1227 ἱερεῖς,
1024 1144 1115 1217 ὡς
1146 1143 1395 1229 Πάριοι.
1444 1139 1551 1204 Cf.
1575 1138 1882 1205 Bochart.
1903 1139 1984 1201 de
2005 1136 2146 1201 Col.
2167 1134 2398 1199 Phoen.

295 1238 350 1317 Ι,
386 1240 479 1304 14.
512 1251 577 1305 et
610 1241 945 1307 Summum
978 1242 1329 1307 Ruhnken.
1362 1242 1444 1307 ad
1476 1241 1668 1306 Hom.
1703 1240 1788 1304 H.
1820 1240 1887 1304 in
1919 1238 2065 1305 Cer.
2085 1238 2258 1316 496„
2291 1237 2400 1301 ubi

295 1341 535 1407 Parum
574 1345 900 1431 quondam
942 1342 1156 1411 Cereri
1204 1367 1453 1410 sacram
1494 1343 1713 1421 fuisse,
1754 1343 1856 1407 his
1895 1342 2054 1429 ipsis
2093 1342 2254 1405 locis
2293 1340 2406 1405 de-

293 1454 629 1527 monstrat,
683 1468 800 1511 nec
852 1469 922 1512 se
975 1447 1254 1513 alienum
1302 1446 1587 1513 ostendit
1635 1468 1674 1511 a
1720 1444 1964 1510 Valesii
2009 1444 2402 1530 conjectura.

298 1545 465 1621 Quae
518 1547 572 1613 si
623 1570 767 1614 vera
818 1556 936 1627 est,
984 1549 1279 1636 mythum
1328 1572 1369 1614 a
1417 1548 1670 1615 nemine
1723 1548 1849 1613 alio
1895 1555 2202 1613 testatum
2253 1546 2405 1635 inde

296 1649 662 1730 lucramur3
712 1650 1014 1717 nimirum
1059 1650 1231 1717 illius
1272 1651 1572 1717 beneficii
1602 1674 1642 1716 a
1672 1649 1972 1715 Cabarno
2001 1649 2250 1736 accepti
2283 1648 2408 1713 Ce-

296 1771 491 1814 rerem
548 1773 910 1831 memorem,
958 1753 1099 1839 ejus
1144 1764 1400 1841 gentem
1457 1753 1817 1819 sacerdotio
1868 1774 1985 1817 suo
2041 1750 2404 1817 honorasse.

308 1856 549 1921 Γένυαν
600 1876 714 1940 pro
761 1856 1007 1941 γενεὰν,
1052 1856 1367 1941 poeticam
1412 1878 1654 1935 vocem,
1699 1877 1734 1919 e
1783 1853 2199 1942 Lycophrone
2249 1853 2409 1917 scite

300 1946 528 2041 probat
560 1954 801 2035 ValeS.,
832 1977 951 2021 nec
991 1957 1120 2022 alia
1160 1958 1397 2023 desunt
1437 1958 1600 2037 loca,
1630 1958 1742 2023 ubi
1783 1956 2074 2035 occurrit,
2108 1966 2178 2020 ut
2213 1955 2406 2019 Pind.

306 2054 416 2119 Ol.
447 2056 607 2137 VII,
636 2057 768 2135 40„
800 2058 972 2123 unde
1012 2059 1203 2124 miror
1243 2059 1559 2125 Zeunium
1591 2060 1676 2125 V.
1713 2057 1851 2124 Cel.
1881 2059 2044 2121 illud
2085 2079 2120 2122 e
2164 2057 2412 2122 Lexicis

304 2159 664 2246 ejicientem
702 2158 784 2223 ad
818 2158 1117 2249 Xenoph.
1150 2160 1390 2249 Cyrop.
1426 2161 1482 2242 Ι,
1520 2184 1564 2226 1.
1599 2162 1658 2226 6.
1751 2160 2055 2225 Ceterum
2082 2160 2278 2224 verba
2305 2159 2414 2223 hic

304 2261 617 2327 habemus
662 2262 1057 2343 Antimachi,
1108 2286 1235 2329 non
1288 2286 1608 2346 numeros,
1653 2287 1866 2353 neque
1911 2263 2032 2328 hos
2084 2263 2417 2329 restituere

306 2386 517 2451 operae
558 2364 837 2450 pretium
882 2375 1001 2444 est,
1030 2388 1178 2430 cum
1218 2389 1349 2433 non
1394 2389 1535 2433 raro
1566 2366 1988 2432 Grammatici
2017 2388 2052 2431 e
2081 2374 2418 2453 poetarum

304 2466 461 2531 locis
508 2488 587 2532 ea
636 2476 891 2531 tantum
930 2468 1119 2534 verba
1162 2469 1408 2535 soleant
1454 2470 1719 2549 adferre,
1763 2492 1912 2556 quae
1955 2468 2039 2533 ad
2079 2467 2418 2532 consilium

310 2592 501 2635 suum
532 2571 872 2657 pertinent.

1169 2912 1572 2977 XXXVIII.

654 3208 765 3217 -·-·
796 3158 924 3238 Τῶν
959 3156 1285 3267 μεγάλων
1315 3156 1611 3278 ἕρκτθρὲς
1649 3155 1778 3238 Εἰσὶ
1816 3158 2068 3239 κακῶν.

324 3404 661 3469 ΑονοοΑΤ
686 3401 859 3464 hunc
884 3408 1349 3486 pentametrum
1366 3401 1578 3487 capite
1598 3409 1963 3465 truncatum
1986 3400 2434 3487 EtymologuS‚

326 3530 390 3595 p.
422 3508 573 3571 375.
606 3506 652 3569 l.
685 3505 793 3582 40,
831 3502 945 3567 ubi
986 3504 1216 3590 ἕρκτωρ
1258 3502 1541 3589 explicat
1581 3507 1619 3569 ὁ
1659 3505 2020 3589 πρακτικός,
2049 3509 2116 3565 et
2154 3501 2235 3565 ab
2276 3500 2436 3588 ἔρξω

327 3609 553 3675 eodem
601 3605 795 3671 modo
845 3603 1110 3669 deducit
1164 3607 1419 3691 ἕρκτωρ,
1470 3614 1544 3668 ut
1595 3604 1677 3668 ab
1725 3602 1858 3678 ἄξω
1907 3603 2135 3691 ἄκτωρ,
2183 3602 2265 3666 ab
2320 3601 2439 3677 ἔξω

328 3716 539 3800 {nv-up.
624 3708 797 3773 Nam
830 3706 924 3771 sic
954 3704 1235 3793 Etymol.
1269 3705 1488 3769 leviter
1514 3705 1745 3793 corrigi
1777 3705 2059 3769 debebit.
2151 3704 2416 3770 Possem
2423 3752 2469 3803 ,-

330 3816 385 3880 si
426 3814 533 3879 hic
574 3812 755 3879 locus
792 3817 983 3888 esset,
1015 3808 1367 3888 ostendere,
1398 3806 1668 3872 formam
1711 3836 1801 3895 ωρ
1848 3808 1931 3871 de
1962 3816 2194 3893 agente
2223 3806 2444 3892 aliquo
2518 3818 2526 3825 ·

330 3916 703 4005 antiquitus
740 3912 921 3979 valde
962 3910 1425 3997 frequentatam
1468 3910 1690 3990 fuisse,
1733 3932 1939 3997 quum
1981 3920 2202 3975 contra
2241 3909 2448 3973 rarius

332 4021 403 4085 in
440 4018 787 4085 serioribus
826 4012 1249 4102 scriptoribus
1294 4022 1607 4078 occurrat.
1699 4012 1949 4077 Mansit
1991 4034 2068 4077 ea
2103 4022 2342 4091 tamen,
2372 4020 2450 4076 ut

334 4121 463 4185 alia
492 4121 863 4184 Graecorum
888 4114 1358 4203 antiquissima,
1384 4114 1634 4180 Latinis
1656 4116 2070 4179 communior.
2119 4113 2454 4179 Pertinent

338 4224 489 4305 hue,
518 4232 745 4310 ptaeter
781 4222 921 4309 jam
954 4220 1267 4298 adducta,
1308 4222 1662 4305 κοσμήτωρ,
1691 4219 2011 4304 πράκτωρ,
2051 4216 2453 4303 βασιλεῦτωρ
