3125 5009
672 319 769 391 98
1286 337 1732 387 ANTIMAcm
1778 334 2183 393 amiculae.

676 487 949 577 vestigia
976 486 1083 553 ille
1106 494 1425 575 sequutus
1458 486 1656 551 videri
1690 485 1915 573 possit.
1981 482 2229 551 Eadem
2254 487 2469 546 narrat
2495 474 2798 565 Apollod.

684 590 740 671 1,
770 592 831 656 9.
863 592 994 669 23„
1016 589 1240 655 relicto
1272 588 1666 674 Pherecyde,
1697 587 1808 674 qui
1840 610 1990 652 cum
2031 585 2360 651 Herodoro
2389 584 2736 647 draconem
2765 599 2806 639 a

682 692 921 759 Jasone
954 692 1243 757 occisum
1270 689 1646 755 tradiderat.
1738 688 1840 754 Cf.
1869 688 2082 754 Schol.
2101 687 2182 753 ad
2204 686 2497 774 Apollon.
2521 681 2651 746 Rh.
2684 677 2808 758 IV,

685 796 821 875 87„
851 794 963 860 ubi
1010 793 1201 858 simul
1236 792 1555 872 videmus,
1595 791 2139 879 Naupacticorum
2175 797 2428 879 poetam
2468 784 2727 872 longius
2767 803 2810 845 a

685 897 955 983 vulgata
1003 894 1226 961 fabula
1271 896 1353 959 de
1401 894 1630 959 vellere
1678 894 2034 959 recessisse.
2129 892 2432 957 Ceterum
2480 887 2566 953 cf.
2598 883 2804 971 Orph.

688 998 844 1085 Arg.
875 998 1021 1062 986.
1049 1020 1191 1085 sqq.
1224 997 1565 1083 pulchrum
1590 998 1825 1075 locum,
1843 997 1960 1084 qui
1988 992 2356 1062 Antimaehi
2381 989 2806 1057 narrationem

690 1100 1026 1165 ambitiose
1054 1108 1348 1165 exornat.

1633 1426 1880 1491 XLVI.

701 1651 893 1715 IDEM
928 1653 1010 1717 ad
1043 1651 1163 1733 IV,
1190 1652 1341 1718 259.
1432 1650 1740 1729 Ἠσίοδος
1775 1658 1873 1719 καὶ
1917 1649 2241 1738 Πίνδαρος
2280 1653 2348 1718 ἐν
2391 1650 2820 1732 Πυθιονίκαις,

700 1760 796 1819 καὶ
820 1755 1209 1843 Ἀντίμαχος
1232 1759 1300 1822 ἐν
1324 1752 1519 1842 Λΰὸῃ,
1540 1752 1640 1822 διὰ
1664 1761 1777 1821 τοῦ
1805 1756 2110 1822 Ὠκεανοῦ
2139 1760 2332 1840 φησὶν
2355 1752 2563 1821 ἐλθεῖν
2585 1756 2822 1832 αὐτοὺς

700 1860 789 1932 εἷς
840 1854 1113 1944 Λιβύην,
1162 1864 1259 1925 καὶ
1307 1854 1764 1944 βαστάσαντας
1816 1859 1934 1935 τὴν
1979 1857 2194 1943 Ἀργὼ
2256 1860 2345 1933 εἷς
2396 1858 2471 1923 τὸ
2525 1859 2823 1944 ἡμέτερον

700 1956 987 2045 πέλαγος
1015 1947 1323 2047 γἐνέσθαι.
1418 1958 1693 2046 Mythus
1724 1959 1805 2023 de
1833 1958 2350 2045 Argonautarum
2392 1959 2624 2038 reditu,
2654 1962 2824 2025 mul-

698 2066 908 2122 torum
956 2069 1289 2146 poetarum
1337 2061 1617 2148 ingeniis
1669 2061 2134 2147 frequentatus,
2186 2059 2343 2125 mire
2396 2061 2697 2141 variatur,
2743 2071 2823 2126 ut

701 2170 925 2224 notum
972 2171 1090 2225 est.
1182 2160 1268 2226 V.
1310 2162 1577 2228 Gesner.
1619 2163 1698 2228 ad
1750 2161 2014 2250 Orphic.
2058 2163 2208 2249 Arg.
2259 2185 2324 2249 p.
2367 2164 2518 2244 427,
2563 2186 2712 2251 sqq.
2757 2173 2825 2229 et

702 2261 989 2348 inprimis
1039 2263 1141 2327 Ill.
1176 2264 1398 2352 Heyn.
1442 2266 1525 2331 ad
1562 2265 1860 2353 Apollod.
1901 2288 1963 2353 p.
2004 2266 2178 2344 206„
2221 2265 2411 2352 cujus
2457 2265 2648 2331 verba
2694 2266 2823 2332 huc

700 2364 999 2429 facientia
1024 2365 1298 2453 adjicere
1314 2367 1504 2432 liceat
1530 2393 1544 2431 τ
1597 2368 1948 2433 Hecataeus
1966 2389 2046 2432 ex
2067 2365 2352 2432 Phaside
2371 2367 2435 2430 in
2458 2366 2820 2449 Oceanum,

702 2466 853 2531 inde
912 2466 979 2533 in
1035 2466 1283 2551 Nilum,
1344 2492 1422 2534 ex
1473 2471 1598 2536 hoc
1658 2471 1724 2534 in
1795 2470 2065 2558 patriam
2121 2468 2506 2557 navigasse:
2579 2471 2826 2537 scilicet

704 2565 1035 2633 Orientem
1062 2569 1551 2636 circumvectos:
1601 2572 1760 2637 forte
1785 2573 2010 2637 eadem
2036 2581 2352 2659 sequutus
2379 2580 2478 2635 est
2502 2570 2827 2636 Pindarus

704 2668 902 2757 Pyth.
936 2669 1056 2751 IV,
1080 2672 1187 2736 34.
1224 2696 1322 2761 sq.
1354 2673 1501 2739 447.
1532 2683 1600 2739 et
1635 2696 1785 2739 eum
1817 2697 1892 2740 eo
1923 2674 2248 2739 Hesiodus
2289 2682 2355 2739 et
2392 2673 2828 2738 Antimachus

702 2772 768 2835 in
794 2772 994 2859 Lyde,
1014 2774 1135 2839 nisi
1168 2776 1340 2862 quod
1371 2798 1496 2840 non
1522 2798 1634 2861 per
1659 2776 1907 2859 Nilum,
1929 2776 2040 2843 sed
2067 2777 2326 2865 navigio
2348 2785 2524 2841 trans
2553 2777 2828 2865 Libyam

701 2873 987 2939 humeris
1035 2886 1291 2964 portato
1343 2900 1454 2965 per
1502 2878 1899 2944 Tritonidem
1947 2879 2251 2967 paludem
2302 2902 2475 2944 mare
2524 2879 2834 2985 mediter-

704 2998 961 3042 raneum
994 2977 1267 3044 intrasse
1296 2992 1728 3046 narraverant.

1629 3304 1906 3373 XLVII.

706 3527 957 3591 Scnol..
988 3528 1289 3615 Apollon.
1317 3528 1445 3592 Rh.
1483 3528 1602 3609 IV,
1643 3532 1826 3595 1153.
1893 3530 2149 3611 Ἰστέον,
2182 3537 2277 3601 ὅτι
2309 3541 2569 3621 Τιμαίου
2599 3536 2838 3625 λέγον-

705 3658 842 3709 τος,
873 3635 940 3697 ἐν
984 3635 1266 3718 Κερκύρᾳ
1309 3635 1460 3707 τοὺς
1494 3630 1744 3717 γάμους
1785 3632 2077 3721 ἀχθῆναι.
2169 3640 2515 3714 Διονύσιος
2547 3643 2583 3705 ὁ
2617 3639 2839 3717 Μιλή-

707 3759 847 3807 σιος
906 3735 972 3798 ἐν
1030 3730 1289 3819 δευτέρῳ
1342 3737 1471 3800 τῶν
1532 3736 2046 3821 Ἀργοναυτικῶν
2098 3741 2165 3804 ἐν
2228 3738 2554 3827 Βυζαντίῳ
2609 3747 2836 3827 φησίν.

708 3839 1149 3921 ΗΑντίμαχος
1128 3864 1193 3901 εν
1225 3832 1400 3921 Λΰὸῃ
1428 3834 1710 3912 πλησίον
1736 3842 1848 3903 τοῦ
1880 3846 2172 3923 παταμοῦ
2201 3850 2456 3926 μιγῆναι
2485 3844 2644 3931 αὐτῇ
2675 3853 2838 3930 φησὶ

704 3938 821 4001 τὸν
849 3933 1121 4002 Ἰάσονα.
1170 3935 1272 4000 De
1302 3937 1461 4015 loce,
1494 3938 1599 4000 ubi
1631 3936 1670 4002 J
1677 3960 1888 4002 asonis
1913 3962 2060 4004 cum
2087 3940 2323 4005 Medea
2347 3945 2588 4031 nuptiae
2614 3945 2836 4040 factae

706 4035 881 4099 fama
910 4059 1039 4101 non
1081 4038 1395 4101 convenit.
1486 4038 1783 4125 Apollon.
1816 4041 1861 4105 l.
1888 4042 1933 4105 l.
1967 4044 2383 4129 speluncam
2369 4067 2436 4108 in
2468 4045 2830 4115 Phaeacum

703 4136 917 4205 insula
962 4138 1177 4219 habet,
1228 4138 1537 4204 Macridis
1585 4142 1740 4204 olim
1783 4143 2175 4209 habitatione
2216 4147 2622 4229 celebratam,
2673 4174 2832 4217 ean-
