3125 5009
1219 344 1560 395 ruamus.
2349 330 2442 397 73

332 484 525 560 Quod
578 491 970 579 scripsimus,
1016 496 1385 581 conjectura
1436 508 1529 561 est
1583 496 1888 576 Berkelii,
1941 498 2130 585 cujus
2179 500 2435 564 doctam

325 588 935 661 animadversionem
994 597 1162 661 malo
1220 597 1630 685 subjungere,
1689 620 1886 684 quam
1956 620 2121 662 nova
2183 598 2440 685 propria

329 694 579 779 nugari.
670 695 967 763 “Versus
999 699 1279 785 profecto
1312 710 1467 765 sunt
1494 700 1971 780 obscurissimi3
2017 709 2083 765 et
2105 722 2253 765 cum
2278 722 2438 765 non-

325 795 450 859 nisi
479 797 883 883 paucissimae
909 801 1280 866 Antimachi
1302 803 1615 892 reliquiae‚
1639 802 1800 867 nihil
1829 804 1909 866 ad
1945 825 2074 867 rem
2102 802 2434 880 facienteS,

323 895 429 961 hic
476 908 540 963 et
584 901 737 966 alibi
782 902 1331 983 circumferantur,
1370 916 1434 969 et
1478 904 1930 970 antecedentia
1973 926 2048 969 ac
2097 905 2431 992 sequentia

324 1020 581 1087 prorsus
626 1003 757 1068 sint
805 1004 1148 1093 incognita,
1182 1007 1556 1073 difficillime
1603 1009 1752 1093 quis
1794 1030 2012 1072 verum
2057 1029 2316 1072 sensum
2351 1028 2432 1071 ex

325 1103 403 1166 iis
448 1105 917 1192 expiscabitur3
965 1110 1313 1195 praesertim
1362 1132 1509 1174 cum
1558 1118 1752 1196 poeta
1799 1110 2122 1176 communi
2168 1109 2427 1175 dicendi

320 1229 549 1293 genere
590 1230 719 1273 non
763 1218 998 1288 utatur,
1031 1211 1143 1275 sed
1174 1212 1437 1275 vocibus
1478 1234 1517 1277 a
1548 1212 1795 1299 vulgari
1827 1211 2196 1299 significatu
2235 1214 2424 1298 longe

321 1311 600 1390 remotiS,
627 1312 803 1400 quod
848 1313 999 1379 olim
1038 1314 1231 1380 etiam
1265 1315 1709 1389 Quintilianus
1740 1315 2224 1382 testificabatur.
2319 1313 2423 1377 Ad

316 1416 391 1479 τὸ
420 1417 751 1502 ἐπίκουρος
781 1416 957 1503 quod
982 1416 1233 1495 attinet,
1254 1417 1450 1504 vulgo
1474 1418 1737 1506 quidem
1762 1418 2112 1504 adjutorem
2136 1419 2422 1497 denotat,

318 1515 431 1579 sed
484 1517 673 1581 talem
734 1517 838 1582 hic
898 1518 1221 1583 desiderat
1272 1541 1520 1601 sensuS,
1579 1520 1690 1607 qui
1751 1542 1901 1585 cum
1960 1521 2226 1608 imperio
2276 1521 2418 1586 aliis

312 1628 564 1704 praeest.
658 1619 851 1685 Hunc
900 1621 1331 1708 significatum
1381 1622 1680 1710 colligere
1727 1622 1880 1688 licet
1923 1645 2006 1687 ex
2048 1622 2417 1711 Hesychi03

310 1721 693 1810 Ἐπίκουροι·
737 1722 1001 1810 βοηθοὶ,
1050 1728 1389 1812 σύμμαχοι,
1434 1728 1779 1805 ἐπίσκοποι,
1820 1748 1968 1811 quae
2018 1725 2247 1790 ultima
2289 1748 2418 1791 vox

308 1824 643 1911 imperium
691 1826 1016 1914 quoddam
1068 1835 1134 1891 et
1185 1848 1377 1912 super
1431 1826 1841 1892 eminentiam
1891 1827 2231 1914 significat.
2324 1832 2415 1894 Τὸ

308 1928 639 2014 ἐπίκουρος
678 1927 893 2014 igitur,
934 1939 1007 1993 ut
1053 1951 1201 1993 cum
1255 1929 1431 1993 Livio
1476 1929 1726 2015 loquar,
1755 1938 1854 1993 est
1893 1930 2022 1993 dux
2062 1927 2419 2008 auxiliarii,

309 2026 443 2091 sive
482 2028 833 2093 auxiliariae
872 2029 1149 2095 cohortis
1192 2030 1547 2117 praefectus,
1641 2028 1884 2094 Nostra
1923 2030 2067 2095 haec
2098 2029 2415 2096 sententia

309 2131 519 2195 verbis
561 2132 840 2219 Etymol.
884 2131 984 2195 M.
1027 2132 1265 2217 optime
1308 2131 1807 2197 confirmabitur.
1899 2131 2003 2196 Ita
2049 2132 2218 2196 enim
2270 2131 2412 2196 ille:

306 2235 669 2323 Ἐπίκουροι
695 2234 1012 2323 λέγονται,
1042 2239 1102 2301 οἱ
1142 2237 1271 2303 α’πὸ
1310 2234 1494 2314 ξένης
1535 2239 1754 2323 χώρας
1793 2238 2111 2322 σύμμαχοι
2139 2239 2268 2301 τῶν
2296 2261 2416 2301 πο-

305 2334 705 2421 λεμουμένων
764 2341 859 2402 καὶ
917 2335 1176 2424 fiori-501.
1294 2334 1649 2426 Σαρπηδὼν
1707 2340 2041 2423 ἐπίκουρος
2099 2336 2226 2402 ’ἔστι
2284 2339 2412 2402 τῶν

312 2440 568 2524 Τρώων·
626 2442 818 2505 οἱονεὶ
862 2443 990 2506 τῶν
1036 2439 1525 2525 πολεμουμένων
1571 2438 1846 2527 βοηθός.
1936 2422 2410 2523 Sic-Sarpedon

307 2539 389 2605 de
418 2562 487 2605 se
518 2540 656 2628 ipso
678 2563 779 2627 ap.
806 2539 996 2605 Hom.
1025 2539 1101 2605 Il.
1127 2570 1172 2608 ε.
1197 2542 1348 2606 478.
1382 2542 1689 2628 loquitur.
1782 2539 2162 2615 Callimachi
2194 2537 2408 2604 Schol.

306 2638 387 2703 ad
433 2638 518 2703 H.
551 2640 617 2702 in
653 2639 846 2704 Dian.
891 2644 980 2719 (v.
1012 2638 1149 2720 45.)
1189 2644 1341 2716 τοὺς
1380 2636 1718 2725 ἅμορβοὺς
1747 2637 1958 2701 reddit
1985 2636 2410 2712 ἀκολούθους,

303 2745 473 2828 παρὰ
503 2745 576 2809 τὸ
606 2743 732 2827 ἅμα
760 2745 1150 2829 πορεῦεσθαι.
1244 2741 1461 2828 Etym.
1484 2740 1584 2803 M.
1608 2736 1961 2825 Ἀμορβός·
2004 2743 2280 2822 σημαίνει
2312 2743 2408 2804 καὶ

301 2845 417 2911 τὸν
446 2843 834 2923 ἀκόλουθον,
866 2848 903 2909 ὁ
929 2844 1056 2928 ἅμα
1076 2848 1198 2909 τινὶ
1223 2847 1461 2930 ὁρμῶν.
1546 2842 1714 2905 Hinc
1739 2841 2048 2927 suspicor,
2073 2838 2411 2926 ἆμορβοὺς

306 2946 609 3012 denotare
638 2946 882 3026 milites,
911 2946 1023 3033 qui
1049 2967 1123 3009 ex
1145 2944 1485 3032 peregrina
1515 2944 1764 3031 regione
1804 2943 2016 3007 ducem
2047 2942 2112 3006 iu
2138 2941 2408 3005 aliorum

301 3048 610 3113 auxilium
646 3049 891 3113 missum
932 3047 1363 3136 sequebantur.
1454 3045 1882 3111 Antimachus
1933 3043 2129 3131 igitur
2166 3042 2406 3107 bellum

301 3150 679 3219 Thebanum
704 3160 997 3230 cantans,
1037 3151 1267 3215 ducem
1303 3150 1630 3237 quendam
1672 3147 1740 3211 in
1767 3145 2220 3211 Thebanorum
2245 3165 2408 3209 aux-

300 3254 482 3319 ilium
513 3254 800 3334 missum,
831 3253 1135 3319 laudibus
1165 3252 1368 3332 effert,
1397 3252 1451 3338 ej
1464 3274 1537 3316 us
1569 3250 1870 3316 virtutem
1898 3258 1963 3314 et
1991 3248 2402 3336 prudentiam

300 3356 366 3421 in
396 3357 767 3443 occupanda
799 3356 1011 3444 Dyme
1050 3356 1145 3420 ita
1183 3355 1664 3442 depraedicans:
1718 3351 1898 3416 Inter
1926 3351 2033 3415 hos
2063 3360 2134 3413 tu
2163 3371 2403 3436 quoque

288 3458 839 3544 prudentissimum
890 3457 1162 3521 militum
1219 3455 1702 3520 auxiliariorum
1759 3454 1970 3518 ducem
2022 3464 2080 3517 te
2133 3452 2401 3539 gessisti,

298 3584 445 3627 nam
474 3560 737 3625 victoria
772 3560 988 3645 potiti,
1028 3582 1134 3625 uec
1153 3557 1417 3647 frustra
1464 3557 1552 3621 ad
1595 3556 1822 3621 bellum
1859 3552 2148 3642 profecti,
2189 3552 2404 3617 urbem

304 3661 609 3753 Dymiam
637 3662 1007 3748 diripuistis.
1100 3660 1176 3724 In
1218 3682 1348 3747 qua
1392 3659 1764 3745 conjectura
1808 3657 1860 3721 si
1907 3677 2037 3720 non
2079 3676 2240 3735 eri-0,
2271 3675 2400 3719 non

299 3770 461 3835 adeo
488 3766 748 3834 difficile
778 3766 899 3831 erit
925 3763 1295 3830 Antimachi
1320 3771 1599 3828 mentem
1629 3760 2012 3850 percipere.'’
2099 3758 2399 3824 Glossam

300 3869 598 3959 ἆμορβὸς
627 3870 821 3935 habet
844 3867 1037 3935 etiam
1070 3866 1324 3931 Callim.
1358 3864 1616 3951 Fragm.
1644 3862 1855 3927 Bentl.
1885 3862 1994 3927 46.
2025 3861 2134 3926 sed
2167 3861 2256 3926 ibi
2290 3883 2402 3948 pro

300 3974 544 4039 custode
584 3972 849 4037 armenti
866 3997 890 4041 ,·
934 3990 1159 4058 nempe
1199 3968 1310 4056 qui
1338 3988 1568 4054 pecora
1609 3966 1889 4053 sequitur
1907 3990 1931 4035 ‚·
1974 3972 2168 4051 atque
2205 3963 2402 4051 Apol-

298 4074 426 4141 lon.
464 4074 591 4139 Rh.
628 4075 753 4154 III,
784 4076 930 4139 881.
1024 4077 1120 4160 Τῇ
1160 4068 1213 4139 δ’
1254 4072 1382 4156 ἅμα
1428 4060 1682 4156 Νύμφαι
1719 4068 1972 4134 ἕπονται
2013 4062 2397 4154 ἀμορβάδες.

302 4177 474 4243 Hinc
518 4200 663 4241 vera
710 4176 961 4241 videtur
1006 4173 1369 4262 explanatio
1409 4170 1622 4237 Schol.
1667 4168 1945 4234 Nicand.
1988 4169 2052 4232 in
2099 4167 2277 4231 Nott.
2318 4166 2398 4231 ad

1334 4296 1383 4339 M
