3125 5009
457 716 586 783 DE
646 720 1170 789 ANTIMACHI
1231 724 1811 793 COLOPHONII
1875 730 2089 795 VITA
2148 731 2303 811 ΕΤ,

679 857 1142 924 OPERIBUS
1186 859 1834 939 VETERUMQUE
1885 866 2011 930 DE

1041 993 1163 1059 EO
1209 995 1640 1063 JUDICIIS.

285 1193 398 1257 ΑΒ
431 1216 531 1273 ec,
566 1195 680 1281 qui
713 1196 940 1261 veteris
970 1198 1274 1277 auctoriS,
1305 1200 1495 1286 cujus
1525 1222 1659 1264 una
1687 1221 1836 1263 cum
1868 1200 2127 1287 scriptis
2161 1224 2395 1270 memo-

281 1298 380 1361 ria
416 1319 601 1385 paene
647 1298 994 1378 intercidit,
1037 1300 1246 1387 elogia
1286 1310 1482 1387 atque
1522 1301 1827 1388 reliquias
1870 1301 2020 1366 hinc
2063 1304 2214 1368 inde
2262 1305 2394 1368 dis-

281 1422 504 1487 persas
527 1401 820 1488 colligere
843 1412 908 1466 et
931 1404 1353 1467 commentari·
1369 1405 1435 1465 in
1459 1403 1746 1466 animum
1768 1404 2042 1484 induxit,
2062 1415 2395 1490 exspectet

281 1524 412 1568 non
437 1503 748 1568 immerito
778 1504 1038 1591 aliquis,
1073 1514 1146 1567 ut
1177 1504 1452 1569 universi
1484 1504 1596 1591 huj
1610 1527 1683 1567 us
1712 1506 1955 1569 consilii
1988 1507 2296 1571 rationem
2327 1518 2393 1572 et

277 1606 590 1672 utilitates
613 1606 679 1670 in
702 1607 918 1670 limine
937 1606 1254 1685 ostendat,
1280 1629 1361 1671 ne
1381 1629 1639 1694 operam
1664 1631 1846 1673 suam
1867 1610 1932 1673 in
1952 1631 2082 1674 rem
2104 1610 2391 1675 frivolam

277 1713 347 1769 et
385 1705 843 1770 infructuosam
885 1704 1273 1791 impendisse
1305 1706 1655 1791 judicetur.
1748 1706 1886 1773 Nec
1929 1730 2075 1773 vero
2113 1710 2215 1773 his
2248 1718 2391 1773 tan-

277 1813 442 1885 tum,
472 1806 584 1892 qui
615 1807 794 1871 nulla
823 1806 1230 1894 antiquitatis
1260 1806 1490 1871 notitia
1516 1808 1835 1888 instructi,
1870 1809 2220 1874 secundum
2256 1809 2390 1874 He-

276 1908 611 1973 racliteum
639 1909 824 1989 illud,
855 1913 1140 1986 πιθήκων
1171 1908 1518 1986 κάλλιστοι,
1541 1910 1633 1972 nil
1664 1910 1787 1973 nisi
1817 1933 1999 1975 suam
2029 1922 2225 1975 artem
2258 1934 2391 1976 cre-

277 2016 440 2094 pant
461 2016 525 2073 et
553 2007 846 2085 efferunt,
872 2009 982 2071 sed
1019 2006 1236 2072 multis
1259 2007 1449 2071 etiam
1472 2018 1849 2089 ceterorum,
1874 2010 1986 2095 qui
2010 2009 2387 2095 diligentius

272 2110 340 2174 in
390 2110 740 2174 tractandis
780 2110 1064 2197 antiquis
1102 2109 1522 2195 scriptoribus
1562 2120 1978 2197 occupantur,
2026 2111 2242 2174 studio
2289 2112 2387 2173 in-

272 2212 565 2300 digniore
605 2212 818 2277 videat
850 2213 1216 2291 defunctus,
1257 2210 1321 2275 in
1353 2233 1427 2275 eo
1463 2212 1814 2298 praesertim
1848 2222 2055 2299 poeta,
2090 2212 2202 2299 qui
2236 2234 2382 2276 cum

271 2315 412 2401 ipse
428 2315 578 2378 olim
597 2302 850 2380 carmen
876 2313 1136 2401 aliquod
1161 2336 1350 2377 suum
1377 2314 1625 2379 Graecis
1646 2314 2048 2380 auditoribus
2073 2317 2383 2395 recitaret,

271 2418 568 2484 desertus
604 2440 800 2505 prope
838 2426 937 2482 est
971 2418 1052 2481 ab
1084 2416 1467 2493 omnibus3*
1500 2426 1573 2480 ut
1604 2416 1763 2481 adeo
1792 2416 1868 2498 is,
1901 2416 2011 2503 qui
2042 2417 2215 2481 illius
2246 2440 2385 2482 car-

267 2520 464 2587 minis
489 2521 762 2608 disjecta
789 2529 1042 2585 tantum
1065 2520 1350 2584 membra
1378 2528 1683 2605 apponat,
1715 2518 2048 2583 doctorum
2073 2519 2383 2606 approba-

263 2623 507 2689 tionem
539 2623 746 2689 multo
775 2623 990 2687 minus
1021 2621 1223 2709 possit
1243 2621 1388 2708 jure
1422 2643 1691 2707 sperare.
1783 2620 2021 2685 Verum
2062 2621 2379 2685 enimvero

265 2727 487 2815 plures
515 2748 729 2792 causae
753 2734 906 2789 sunt
933 2747 1156 2812 eaeque
1187 2724 1358 2787 haud
1390 2723 1583 2803 leveS,
1606 2722 1844 2810 quibus
1871 2723 2060 2787 hodie
2085 2723 2273 2787 etiam
2294 2726 2378 2787 ad

264 2832 412 2895 haec
445 2830 584 2917 ipsa
613 2829 886 2894 frustula
914 2828 1320 2914 congerenda
1347 2836 1414 2891 et
1444 2850 1484 2891 a
1514 2827 1815 2891 sordibus
1850 2826 2186 2911 purganda
2214 2825 2377 2888 invi-

261 2944 502 2999 tamur.
602 2932 729 2997 Sed
777 2932 879 2995 hae
932 2930 1125 2996 variae
1176 2929 1574 3017 reperiuntur
1623 2950 1763 2993 esse
1810 2950 1886 2991 ac
1942 2928 2208 2991 diversae
2261 2949 2375 3013 pro

261 3038 548 3125 ipsorum
589 3036 968 3121 scriptorum
1011 3056 1130 3097 usu
1171 3043 1366 3118 atque
1406 3030 1686 3117 ingenio.
1780 3028 1951 3094 Sunt
1990 3029 2181 3109 enim,
2216 3051 2376 3116 quo-

261 3162 409 3205 rum
443 3138 498 3203 si
538 3136 888 3224 insigniora
918 3135 1058 3200 loca
1087 3156 1122 3198 e
1151 3134 1406 3220 scriptis
1436 3133 1589 3196 olim
1620 3130 2045 3196 celeberrimis
2074 3130 2376 3217 decerpta

259 3240 538 3330 reperire
583 3238 948 3325 contigerit,
1002 3235 1287 3325 cognitio
1344 3235 1573 3301 isthaec
1628 3255 1755 3297 non
1807 3255 2031 3319 parum
2090 3233 2375 3296 conferre

342 3492 378 3529 Ψ
421 3490 626 3551 Cicero
660 3490 720 3548 in
761 3489 964 3561 Brut0,
1004 3508 1057 3546 c.
1110 3490 1206 3546 51.
1309 3485 1446 3543 Non
1490 3494 1686 3563 posset
1740 3483 1891 3542 idem
1943 3483 2370 3542 Demosthenes

257 3585 473 3655 dicere,
502 3582 662 3663 quod
699 3581 911 3641 dixisse
949 3579 1384 3650 Antimachum,
1423 3577 1681 3636 Clarium
1728 3586 1982 3653 poetam,
2020 3575 2233 3646 ferunt,
2265 3575 2367 3653 qui

257 3698 394 3739 cum
425 3675 757 3736 convocatis
784 3674 1138 3732 auditoribus
1163 3672 1377 3749 legeret
1401 3689 1677 3746 magnum
1709 3668 1873 3739 illud,
1910 3666 2070 3745 quod
2108 3667 2363 3738 novistis,

259 3770 534 3831 volumen
557 3788 749 3839 suum,
790 3776 851 3825 et
891 3786 1025 3825 eum
1059 3764 1339 3843 legentem
1379 3782 1601 3834 omneS,
1642 3770 1847 3839 praeter
1875 3760 2205 3830 Platonem,
2232 3759 2365 3817 reli-

261 3864 546 3945 quissent,
593 3862 833 3939 Leqmn,
874 3858 1082 3938 inquit,
1122 3858 1308 3916 nihilo
1344 3858 1536 3914 minus
1560 3876 1580 3914 .·
1628 3855 1817 3912 Plato
1855 3854 2006 3910 enim
2041 3852 2186 3909 mihi
2213 3871 2366 3908 unus

253 3960 454 4019 instar
479 3964 566 4014 est
593 3955 847 4013 omnium
874 3952 1148 4010 millium.
1211 3948 1288 4007 Et
1313 3956 1487 4006 recte.
1559 3947 1777 4004 Poema
1803 3944 1953 4003 enim
1980 3942 2363 4012 reconditum,

255 4066 581 4131 paucorum
599 4044 1073 4124 approbationem
1096 4064 1112 4111 ς
1155 4039 1336 4099 oratio
1353 4038 1671 4119 popularis,
1693 4055 1988 4096 assensum
2011 4034 2167 4112 vulgi
2188 4034 2369 4094 debet

253 4138 747 4205 :novera-Loco
772 4137 883 4195 hoc
911 4138 1127 4214 saepius
1155 4133 1212 4191 iu
1243 4133 1368 4210 ipsa
1395 4130 1783 4209 disputatione
1812 4127 1894 4187 uti
1925 4126 2278 4187 debebimus.

1467 4248 1502 4287 c
