<?xml version="1.0" encoding="UTF-8"?>
<!DOCTYPE html PUBLIC "-//W3C//DTD XHTML 1.0 Transitional//EN"
    "http://www.w3.org/TR/xhtml1/DTD/xhtml1-transitional.dtd">
<html xmlns="http://www.w3.org/1999/xhtml" xml:lang="en" lang="en">
 <head>
  <title>
</title>
<meta http-equiv="Content-Type" content="text/html;charset=utf-8" />
  <meta name='ocr-system' content='tesseract 3.04.00' />
  <meta name='ocr-capabilities' content='ocr_page ocr_carea ocr_par ocr_line ocrx_word'/>
</head>
<body>
  <div class='ocr_page' id='page_1' title='image "antimachicoloph00wolfgoog_0043.png"; bbox 0 0 3125 5009; ppageno 0'>
   <div class='ocr_carea' id='block_1_1' title="bbox 735 328 2229 397">
    <p class='ocr_par' dir='ltr' id='par_1_1' title="bbox 735 328 2229 397">
     <span class='ocr_line' id='line_1_1' title="bbox 735 328 2229 397; baseline -0.006 -2"><span class='ocrx_word' id='word_1_1' title='bbox 735 328 834 397; x_wconf 89' lang='lat'>30</span> <span class='ocrx_word' id='word_1_2' title='bbox 1345 344 1786 393; x_wconf 77' lang='lat' dir='ltr'>ANTIMACHI</span> <span class='ocrx_word' id='word_1_3' title='bbox 1832 340 2229 396; x_wconf 61' lang='lat' dir='ltr'>namnum.</span> 
     </span>
    </p>
   </div>
   <div class='ocr_carea' id='block_1_2' title="bbox 705 487 2856 2415">
    <p class='ocr_par' dir='ltr' id='par_1_2' title="bbox 705 487 2856 2415">
     <span class='ocr_line' id='line_1_2' title="bbox 727 487 2845 583; baseline -0.006 -24"><span class='ocrx_word' id='word_1_4' title='bbox 727 497 868 583; x_wconf 89' lang='lat' dir='ltr'>jam</span> <span class='ocrx_word' id='word_1_5' title='bbox 915 506 1104 561; x_wconf 88' lang='lat' dir='ltr'>antea</span> <span class='ocrx_word' id='word_1_6' title='bbox 1151 495 1631 572; x_wconf 86' lang='lat' dir='ltr'>Mimnermum,</span> <span class='ocrx_word' id='word_1_7' title='bbox 1672 494 1786 580; x_wconf 90' lang='lat' dir='ltr'>qui</span> <span class='ocrx_word' id='word_1_8' title='bbox 1830 491 2159 556; x_wconf 81' lang='lat' dir='ltr'>tibicinam</span> <span class='ocrx_word' id='word_1_9' title='bbox 2215 487 2452 553; x_wconf 88' lang='lat' dir='ltr'>Nanno</span> <span class='ocrx_word' id='word_1_10' title='bbox 2500 492 2845 564; x_wconf 87' lang='lat' dir='ltr'>amaverat,</span> 
     </span>
     <span class='ocr_line' id='line_1_3' title="bbox 737 586 2845 683; baseline -0.006 -21"><span class='ocrx_word' id='word_1_11' title='bbox 737 598 1005 683; x_wconf 86' lang='lat' dir='ltr'>posthac</span> <span class='ocrx_word' id='word_1_12' title='bbox 1027 598 1613 663; x_wconf 87' lang='lat' dir='ltr'>Hermesianactem</span> <span class='ocrx_word' id='word_1_13' title='bbox 1640 597 1929 683; x_wconf 86' lang='lat' dir='ltr'>aliosque</span> <span class='ocrx_word' id='word_1_14' title='bbox 1955 615 2105 657; x_wconf 91' lang='lat' dir='ltr'>usos</span> <span class='ocrx_word' id='word_1_15' title='bbox 2130 588 2544 677; x_wconf 72' lang='lat' dir='ltr'>reperimuS,*</span> <span class='ocrx_word' id='word_1_16' title='bbox 2572 586 2766 653; x_wconf 90' lang='lat' dir='ltr'>etiam</span> <span class='ocrx_word' id='word_1_17' title='bbox 2784 586 2845 649; x_wconf 92' lang='lat' dir='ltr'>in</span> 
     </span>
     <span class='ocr_line' id='line_1_4' title="bbox 742 687 2848 786; baseline -0.005 -25"><span class='ocrx_word' id='word_1_18' title='bbox 742 698 986 763; x_wconf 89' lang='lat' dir='ltr'>Latinis</span> <span class='ocrx_word' id='word_1_19' title='bbox 1021 699 1452 786; x_wconf 82' lang='lat' dir='ltr'><strong>Propertium,</strong></span> <span class='ocrx_word' id='word_1_20' title='bbox 1484 699 1677 786; x_wconf 87' lang='lat' dir='ltr'>eujus</span> <span class='ocrx_word' id='word_1_21' title='bbox 1708 698 1955 784; x_wconf 87' lang='lat' dir='ltr'>primus</span> <span class='ocrx_word' id='word_1_22' title='bbox 1984 694 2145 759; x_wconf 87' lang='lat' dir='ltr'>liber</span> <span class='ocrx_word' id='word_1_23' title='bbox 2165 692 2539 779; x_wconf 84' lang='lat' dir='ltr'>Elegiarum</span> <span class='ocrx_word' id='word_1_24' title='bbox 2566 687 2848 775; x_wconf 86' lang='lat' dir='ltr'>Cynthia</span> 
     </span>
     <span class='ocr_line' id='line_1_5' title="bbox 735 789 2849 887; baseline -0.005 -25"><span class='ocrx_word' id='word_1_25' title='bbox 735 800 1083 887; x_wconf 83' lang='lat' dir='ltr'>inscriptus</span> <span class='ocrx_word' id='word_1_26' title='bbox 1121 810 1238 865; x_wconf 88' lang='lat' dir='ltr'>est.</span> <span class='ocrx_word' id='word_1_27' title='bbox 1331 800 1580 880; x_wconf 88' lang='lat' dir='ltr'>Plures,</span> <span class='ocrx_word' id='word_1_28' title='bbox 1611 800 1725 887; x_wconf 89' lang='lat' dir='ltr'>qui</span> <span class='ocrx_word' id='word_1_29' title='bbox 1762 798 1887 863; x_wconf 91' lang='lat' dir='ltr'>hoc</span> <span class='ocrx_word' id='word_1_30' title='bbox 1922 818 2149 883; x_wconf 88' lang='lat' dir='ltr'>poema</span> <span class='ocrx_word' id='word_1_31' title='bbox 2194 800 2566 871; x_wconf 89' lang='lat' dir='ltr'>memorant,</span> <span class='ocrx_word' id='word_1_32' title='bbox 2606 789 2849 877; x_wconf 76' lang='lat' dir='ltr'>Elegiae</span> 
     </span>
     <span class='ocr_line' id='line_1_6' title="bbox 737 894 2848 989; baseline -0.004 -24"><span class='ocrx_word' id='word_1_33' title='bbox 737 903 993 967; x_wconf 86' lang='lat' dir='ltr'>nomine</span> <span class='ocrx_word' id='word_1_34' title='bbox 1035 902 1414 989; x_wconf 86' lang='lat' dir='ltr'>insigniunt.</span> <span class='ocrx_word' id='word_1_35' title='bbox 1505 902 1659 977; x_wconf 88' lang='lat' dir='ltr'>Qua</span> <span class='ocrx_word' id='word_1_36' title='bbox 1703 899 2131 987; x_wconf 79' lang='lat' dir='ltr'><strong>appellatione</strong></span> <span class='ocrx_word' id='word_1_37' title='bbox 2176 920 2256 963; x_wconf 90' lang='lat' dir='ltr'>ne</span> <span class='ocrx_word' id='word_1_38' title='bbox 2287 897 2435 985; x_wconf 88' lang='lat' dir='ltr'>quis</span> <span class='ocrx_word' id='word_1_39' title='bbox 2467 894 2848 971; x_wconf 85' lang='lat' dir='ltr'>offendatur,</span> 
     </span>
     <span class='ocr_line' id='line_1_7' title="bbox 737 995 2849 1091; baseline -0.004 -22"><span class='ocrx_word' id='word_1_40' title='bbox 737 1011 853 1069; x_wconf 83' lang='lat' dir='ltr'>aut</span> <span class='ocrx_word' id='word_1_41' title='bbox 890 1003 1185 1091; x_wconf 88' lang='lat' dir='ltr'>Elegiam</span> <span class='ocrx_word' id='word_1_42' title='bbox 1235 1026 1348 1090; x_wconf 93' lang='lat' dir='ltr'>per</span> <span class='ocrx_word' id='word_1_43' title='bbox 1386 1004 1603 1091; x_wconf 89' lang='lat' dir='ltr'>plures</span> <span class='ocrx_word' id='word_1_44' title='bbox 1654 1002 1848 1067; x_wconf 91' lang='lat' dir='ltr'>libros</span> <span class='ocrx_word' id='word_1_45' title='bbox 1903 1001 2271 1081; x_wconf 79' lang='lat' dir='ltr'>deductam,</span> <span class='ocrx_word' id='word_1_46' title='bbox 2314 998 2571 1063; x_wconf 89' lang='lat' dir='ltr'>unicam</span> <span class='ocrx_word' id='word_1_47' title='bbox 2617 995 2683 1060; x_wconf 91' lang='lat' dir='ltr'>in</span> <span class='ocrx_word' id='word_1_48' title='bbox 2734 1018 2849 1061; x_wconf 91' lang='lat' dir='ltr'>suo</span> 
     </span>
     <span class='ocr_line' id='line_1_8' title="bbox 737 1098 2852 1193; baseline -0.003 -23"><span class='ocrx_word' id='word_1_49' title='bbox 737 1127 965 1193; x_wconf 80' lang='lat' dir='ltr'>genere</span> <span class='ocrx_word' id='word_1_50' title='bbox 987 1107 1241 1186; x_wconf 81' lang='lat' dir='ltr'>habeat,</span> <span class='ocrx_word' id='word_1_51' title='bbox 1266 1106 1330 1169; x_wconf 89' lang='lat' dir='ltr'>in</span> <span class='ocrx_word' id='word_1_52' title='bbox 1355 1106 1725 1171; x_wconf 84' lang='lat' dir='ltr'>memoriam</span> <span class='ocrx_word' id='word_1_53' title='bbox 1758 1102 2196 1177; x_wconf 84' lang='lat' dir='ltr'>revocabimus</span> <span class='ocrx_word' id='word_1_54' title='bbox 2216 1110 2497 1167; x_wconf 85' lang='lat' dir='ltr'>veterem</span> <span class='ocrx_word' id='word_1_55' title='bbox 2529 1098 2852 1185; x_wconf 89' lang='lat' dir='ltr'>significa-</span> 
     </span>
     <span class='ocr_line' id='line_1_9' title="bbox 737 1200 2852 1295; baseline -0.005 -20"><span class='ocrx_word' id='word_1_56' title='bbox 737 1208 997 1287; x_wconf 86' lang='lat' dir='ltr'>tionem,</span> <span class='ocrx_word' id='word_1_57' title='bbox 1030 1230 1160 1295; x_wconf 91' lang='lat' dir='ltr'>qua</span> <span class='ocrx_word' id='word_1_58' title='bbox 1195 1206 1581 1272; x_wconf 87' lang='lat' dir='ltr'>vocabulum</span> <span class='ocrx_word' id='word_1_59' title='bbox 1624 1205 1869 1292; x_wconf 86' lang='lat' dir='ltr'>Elegiae</span> <span class='ocrx_word' id='word_1_60' title='bbox 1900 1203 2113 1269; x_wconf 84' lang='lat' dir='ltr'>Graeci</span> <span class='ocrx_word' id='word_1_61' title='bbox 2143 1214 2207 1267; x_wconf 92' lang='lat' dir='ltr'>et</span> <span class='ocrx_word' id='word_1_62' title='bbox 2240 1201 2453 1266; x_wconf 89' lang='lat' dir='ltr'>Latini</span> <span class='ocrx_word' id='word_1_63' title='bbox 2482 1200 2852 1288; x_wconf 79' lang='lat' dir='ltr'>frequenta·</span> 
     </span>
     <span class='ocr_line' id='line_1_10' title="bbox 738 1302 2845 1397; baseline -0.004 -24"><span class='ocrx_word' id='word_1_64' title='bbox 738 1310 920 1389; x_wconf 86' lang='lat' dir='ltr'>bant,</span> <span class='ocrx_word' id='word_1_65' title='bbox 951 1308 1156 1397; x_wconf 84' lang='lat' dir='ltr'>magis</span> <span class='ocrx_word' id='word_1_66' title='bbox 1187 1333 1327 1374; x_wconf 88' lang='lat' dir='ltr'>eam</span> <span class='ocrx_word' id='word_1_67' title='bbox 1364 1332 1404 1373; x_wconf 93' lang='lat' dir='ltr'>a</span> <span class='ocrx_word' id='word_1_68' title='bbox 1434 1308 1619 1373; x_wconf 88' lang='lat' dir='ltr'>metri</span> <span class='ocrx_word' id='word_1_69' title='bbox 1653 1308 1875 1385; x_wconf 88' lang='lat' dir='ltr'>forma,</span> <span class='ocrx_word' id='word_1_70' title='bbox 1914 1328 2109 1393; x_wconf 88' lang='lat' dir='ltr'>quam</span> <span class='ocrx_word' id='word_1_71' title='bbox 2153 1305 2401 1371; x_wconf 83' lang='lat' dir='ltr'>interna</span> <span class='ocrx_word' id='word_1_72' title='bbox 2440 1302 2745 1369; x_wconf 82' lang='lat' dir='ltr'>carminis</span> <span class='ocrx_word' id='word_1_73' title='bbox 2787 1304 2845 1365; x_wconf 90' lang='lat' dir='ltr'>vi</span> 
     </span>
     <span class='ocr_line' id='line_1_11' title="bbox 737 1405 2849 1500; baseline -0.004 -24"><span class='ocrx_word' id='word_1_74' title='bbox 737 1421 803 1476; x_wconf 88' lang='lat' dir='ltr'>et</span> <span class='ocrx_word' id='word_1_75' title='bbox 825 1422 1053 1475; x_wconf 87' lang='lat' dir='ltr'>natura</span> <span class='ocrx_word' id='word_1_76' title='bbox 1073 1412 1365 1500; x_wconf 86' lang='lat' dir='ltr'>petitam.</span> <span class='ocrx_word' id='word_1_77' title='bbox 1456 1409 1719 1475; x_wconf 87' lang='lat' dir='ltr'>Etenim</span> <span class='ocrx_word' id='word_1_78' title='bbox 1743 1409 1895 1474; x_wconf 89' lang='lat' dir='ltr'>hinc</span> <span class='ocrx_word' id='word_1_79' title='bbox 1920 1410 2165 1473; x_wconf 84' lang='lat' dir='ltr'>factum</span> <span class='ocrx_word' id='word_1_80' title='bbox 2188 1416 2312 1488; x_wconf 87' lang='lat' dir='ltr'>est,</span> <span class='ocrx_word' id='word_1_81' title='bbox 2342 1417 2414 1471; x_wconf 88' lang='lat' dir='ltr'>ut</span> <span class='ocrx_word' id='word_1_82' title='bbox 2438 1414 2642 1493; x_wconf 80' lang='lat' dir='ltr'>poetae</span> <span class='ocrx_word' id='word_1_83' title='bbox 2666 1405 2849 1469; x_wconf 85' lang='lat' dir='ltr'>multi</span> 
     </span>
     <span class='ocr_line' id='line_1_12' title="bbox 737 1508 2852 1600; baseline -0.002 -24"><span class='ocrx_word' id='word_1_84' title='bbox 737 1513 1027 1599; x_wconf 86' lang='lat' dir='ltr'>longiora</span> <span class='ocrx_word' id='word_1_85' title='bbox 1079 1523 1142 1577; x_wconf 91' lang='lat' dir='ltr'>et</span> <span class='ocrx_word' id='word_1_86' title='bbox 1193 1513 1540 1600; x_wconf 84' lang='lat' dir='ltr'>prolixiora</span> <span class='ocrx_word' id='word_1_87' title='bbox 1593 1533 1783 1597; x_wconf 86' lang='lat' dir='ltr'>opera</span> <span class='ocrx_word' id='word_1_88' title='bbox 1834 1510 2033 1597; x_wconf 88' lang='lat' dir='ltr'>elegis</span> <span class='ocrx_word' id='word_1_89' title='bbox 2094 1510 2577 1597; x_wconf 84' lang='lat' dir='ltr'>perscriberent,</span> <span class='ocrx_word' id='word_1_90' title='bbox 2633 1508 2852 1595; x_wconf 86' lang='lat' dir='ltr'>qualia</span> 
     </span>
     <span class='ocr_line' id='line_1_13' title="bbox 733 1610 2853 1701; baseline -0.002 -23"><span class='ocrx_word' id='word_1_91' title='bbox 733 1615 926 1678; x_wconf 87' lang='lat' dir='ltr'>etiam</span> <span class='ocrx_word' id='word_1_92' title='bbox 956 1636 1129 1679; x_wconf 83' lang='lat' dir='ltr'>nunc</span> <span class='ocrx_word' id='word_1_93' title='bbox 1160 1613 1377 1679; x_wconf 88' lang='lat' dir='ltr'>Ovidii</span> <span class='ocrx_word' id='word_1_94' title='bbox 1419 1624 1679 1694; x_wconf 86' lang='lat' dir='ltr'>restant,</span> <span class='ocrx_word' id='word_1_95' title='bbox 1708 1637 1854 1701; x_wconf 85' lang='lat' dir='ltr'>quae</span> <span class='ocrx_word' id='word_1_96' title='bbox 1884 1636 1963 1678; x_wconf 87' lang='lat' dir='ltr'>ex</span> <span class='ocrx_word' id='word_1_97' title='bbox 1992 1612 2263 1700; x_wconf 87' lang='lat' dir='ltr'>antiqua</span> <span class='ocrx_word' id='word_1_98' title='bbox 2293 1611 2466 1676; x_wconf 88' lang='lat' dir='ltr'>verbi</span> <span class='ocrx_word' id='word_1_99' title='bbox 2496 1611 2558 1675; x_wconf 85' lang='lat' dir='ltr'>vi</span> <span class='ocrx_word' id='word_1_100' title='bbox 2593 1610 2853 1697; x_wconf 91' lang='lat' dir='ltr'>Elegia-</span> 
     </span>
     <span class='ocr_line' id='line_1_14' title="bbox 737 1714 2853 1803; baseline -0.002 -22"><span class='ocrx_word' id='word_1_101' title='bbox 737 1739 877 1781; x_wconf 89' lang='lat' dir='ltr'>rum</span> <span class='ocrx_word' id='word_1_102' title='bbox 924 1717 1178 1781; x_wconf 88' lang='lat' dir='ltr'>nomine</span> <span class='ocrx_word' id='word_1_103' title='bbox 1223 1718 1538 1803; x_wconf 88' lang='lat' dir='ltr'>appellare</span> <span class='ocrx_word' id='word_1_104' title='bbox 1589 1716 1866 1802; x_wconf 88' lang='lat' dir='ltr'>possis.†</span> <span class='ocrx_word' id='word_1_105' title='bbox 1957 1717 2062 1781; x_wconf 92' lang='lat' dir='ltr'>De</span> <span class='ocrx_word' id='word_1_106' title='bbox 2104 1724 2480 1803; x_wconf 87' lang='lat' dir='ltr'>argumento</span> <span class='ocrx_word' id='word_1_107' title='bbox 2526 1714 2853 1801; x_wconf 81' lang='lat' dir='ltr'>praecipuo</span> 
     </span>
     <span class='ocr_line' id='line_1_15' title="bbox 741 1815 2854 1906; baseline -0.001 -25"><span class='ocrx_word' id='word_1_108' title='bbox 741 1818 953 1903; x_wconf 83' lang='lat' dir='ltr'>Lydes</span> <span class='ocrx_word' id='word_1_109' title='bbox 1002 1824 1230 1882; x_wconf 89' lang='lat' dir='ltr'>testem</span> <span class='ocrx_word' id='word_1_110' title='bbox 1285 1817 1620 1899; x_wconf 78' lang='lat' dir='ltr'>habemuS,</span> <span class='ocrx_word' id='word_1_111' title='bbox 1675 1818 1788 1906; x_wconf 90' lang='lat' dir='ltr'>qui</span> <span class='ocrx_word' id='word_1_112' title='bbox 1838 1817 2068 1882; x_wconf 89' lang='lat' dir='ltr'>librum</span> <span class='ocrx_word' id='word_1_113' title='bbox 2123 1817 2347 1903; x_wconf 89' lang='lat' dir='ltr'>procul</span> <span class='ocrx_word' id='word_1_114' title='bbox 2397 1817 2596 1881; x_wconf 92' lang='lat' dir='ltr'>dubio</span> <span class='ocrx_word' id='word_1_115' title='bbox 2640 1815 2854 1879; x_wconf 90' lang='lat' dir='ltr'>adhuc</span> 
     </span>
     <span class='ocr_line' id='line_1_16' title="bbox 705 1916 2851 1999; baseline 0 -19"><span class='ocrx_word' id='word_1_116' title='bbox 705 1974 712 1980; x_wconf 93' lang='lat'>.</span> <span class='ocrx_word' id='word_1_117' title='bbox 737 1920 1036 1984; x_wconf 87' lang='lat' dir='ltr'>manibus</span> <span class='ocrx_word' id='word_1_118' title='bbox 1062 1920 1356 1999; x_wconf 84' lang='lat' dir='ltr'>versavit,</span> <span class='ocrx_word' id='word_1_119' title='bbox 1383 1919 1831 1984; x_wconf 80' lang='lat' dir='ltr'>Plutarchum.</span> <span class='ocrx_word' id='word_1_120' title='bbox 1924 1918 2053 1983; x_wconf 92' lang='lat' dir='ltr'>Hic</span> <span class='ocrx_word' id='word_1_121' title='bbox 2081 1918 2543 1983; x_wconf 80' lang='lat' dir='ltr'>Antimachum</span> <span class='ocrx_word' id='word_1_122' title='bbox 2565 1916 2761 1982; x_wconf 85' lang='lat' dir='ltr'>tradit</span> <span class='ocrx_word' id='word_1_123' title='bbox 2787 1917 2851 1981; x_wconf 88' lang='lat' dir='ltr'>in</span> 
     </span>
     <span class='ocr_line' id='line_1_17' title="bbox 737 2021 2853 2109; baseline -0 -23"><span class='ocrx_word' id='word_1_124' title='bbox 737 2045 813 2086; x_wconf 93' lang='lat' dir='ltr'>eo</span> <span class='ocrx_word' id='word_1_125' title='bbox 859 2023 1252 2087; x_wconf 88' lang='lat' dir='ltr'>recensuisse</span> <span class='ocrx_word' id='word_1_126' title='bbox 1287 2024 1440 2102; x_wconf 83' lang='lat' dir='ltr'>fata,</span> <span class='ocrx_word' id='word_1_127' title='bbox 1485 2045 1633 2109; x_wconf 87' lang='lat' dir='ltr'>quae</span> <span class='ocrx_word' id='word_1_128' title='bbox 1672 2021 1860 2087; x_wconf 90' lang='lat' dir='ltr'>claris</span> <span class='ocrx_word' id='word_1_129' title='bbox 1898 2021 2269 2086; x_wconf 88' lang='lat' dir='ltr'>hominibus</span> <span class='ocrx_word' id='word_1_130' title='bbox 2315 2021 2589 2086; x_wconf 86' lang='lat' dir='ltr'>heroicae</span> <span class='ocrx_word' id='word_1_131' title='bbox 2640 2021 2853 2085; x_wconf 84' lang='lat' dir='ltr'>aetatis</span> 
     </span>
     <span class='ocr_line' id='line_1_18' title="bbox 738 2122 2856 2211; baseline 0.001 -26"><span class='ocrx_word' id='word_1_132' title='bbox 738 2122 1006 2187; x_wconf 86' lang='lat' dir='ltr'>adversa</span> <span class='ocrx_word' id='word_1_133' title='bbox 1043 2124 1468 2209; x_wconf 85' lang='lat' dir='ltr'>contigerant,</span> <span class='ocrx_word' id='word_1_134' title='bbox 1500 2145 1706 2210; x_wconf 87' lang='lat' dir='ltr'>eoque</span> <span class='ocrx_word' id='word_1_135' title='bbox 1735 2146 1942 2188; x_wconf 86' lang='lat' dir='ltr'>rerum</span> <span class='ocrx_word' id='word_1_136' title='bbox 1988 2144 2220 2210; x_wconf 89' lang='lat' dir='ltr'>genere</span> <span class='ocrx_word' id='word_1_137' title='bbox 2252 2145 2461 2203; x_wconf 89' lang='lat' dir='ltr'>usum,</span> <span class='ocrx_word' id='word_1_138' title='bbox 2495 2146 2626 2211; x_wconf 92' lang='lat' dir='ltr'>quo</span> <span class='ocrx_word' id='word_1_139' title='bbox 2656 2125 2856 2187; x_wconf 87' lang='lat' dir='ltr'>malo-</span> 
     </span>
     <span class='ocr_line' id='line_1_19' title="bbox 737 2224 2851 2314; baseline 0.001 -27"><span class='ocrx_word' id='word_1_140' title='bbox 737 2246 878 2287; x_wconf 89' lang='lat' dir='ltr'>rum</span> <span class='ocrx_word' id='word_1_141' title='bbox 921 2224 1272 2289; x_wconf 86' lang='lat' dir='ltr'>alienorum</span> <span class='ocrx_word' id='word_1_142' title='bbox 1321 2227 1927 2292; x_wconf 87' lang='lat' dir='ltr'>commemoratione</span> <span class='ocrx_word' id='word_1_143' title='bbox 1980 2248 2163 2290; x_wconf 85' lang='lat' dir='ltr'>suam</span> <span class='ocrx_word' id='word_1_144' title='bbox 2210 2228 2349 2314; x_wconf 89' lang='lat' dir='ltr'>ipse</span> <span class='ocrx_word' id='word_1_145' title='bbox 2402 2227 2851 2312; x_wconf 78' lang='lat' dir='ltr'>aegritudinem</span> 
     </span>
     <span class='ocr_line' id='line_1_20' title="bbox 736 2325 2851 2415; baseline 0.003 -27"><span class='ocrx_word' id='word_1_146' title='bbox 736 2325 1039 2410; x_wconf 86' lang='lat' dir='ltr'>leniret.‡</span> <span class='ocrx_word' id='word_1_147' title='bbox 1133 2326 1234 2389; x_wconf 85' lang='lat' dir='ltr'>Ex</span> <span class='ocrx_word' id='word_1_148' title='bbox 1259 2350 1389 2414; x_wconf 91' lang='lat' dir='ltr'>quo</span> <span class='ocrx_word' id='word_1_149' title='bbox 1413 2328 1783 2393; x_wconf 86' lang='lat' dir='ltr'>testimonio</span> <span class='ocrx_word' id='word_1_150' title='bbox 1802 2328 1991 2393; x_wconf 80' lang='lat' dir='ltr'>facile</span> <span class='ocrx_word' id='word_1_151' title='bbox 2010 2340 2295 2415; x_wconf 83' lang='lat' dir='ltr'>apparet,</span> <span class='ocrx_word' id='word_1_152' title='bbox 2317 2328 2381 2391; x_wconf 90' lang='lat' dir='ltr'>id</span> <span class='ocrx_word' id='word_1_153' title='bbox 2403 2327 2577 2414; x_wconf 89' lang='lat' dir='ltr'>quod</span> <span class='ocrx_word' id='word_1_154' title='bbox 2601 2329 2851 2415; x_wconf 88' lang='lat' dir='ltr'>absque</span> 
     </span>
    </p>
   </div>
   <div class='ocr_carea' id='block_1_3' title="bbox 721 2577 2853 4307">
    <p class='ocr_par' dir='ltr' id='par_1_3' title="bbox 732 2577 2853 3394">
     <span class='ocr_line' id='line_1_21' title="bbox 819 2577 2851 2659; baseline 0.001 -24"><span class='ocrx_word' id='word_1_155' title='bbox 819 2578 852 2611; x_wconf 71' lang='lat'>⁴*</span> <span class='ocrx_word' id='word_1_156' title='bbox 894 2577 1110 2636; x_wconf 83' lang='lat' dir='ltr'>Athen.</span> <span class='ocrx_word' id='word_1_157' title='bbox 1144 2578 1318 2638; x_wconf 88' lang='lat' dir='ltr'><strong>XIII.</strong></span> <span class='ocrx_word' id='word_1_158' title='bbox 1350 2600 1408 2657; x_wconf 89' lang='lat' dir='ltr'>p.</span> <span class='ocrx_word' id='word_1_159' title='bbox 1442 2580 1579 2639; x_wconf 90' lang='lat'><strong>596.</strong></span> <span class='ocrx_word' id='word_1_160' title='bbox 1611 2580 1675 2638; x_wconf 88' lang='lat' dir='ltr'>F.</span> <span class='ocrx_word' id='word_1_161' title='bbox 1753 2586 1967 2659; x_wconf 85' lang='grc' dir='ltr'>Μικροῦ</span> <span class='ocrx_word' id='word_1_162' title='bbox 1996 2578 2348 2658; x_wconf 63' lang='grc' dir='ltr'>ἐξελαθόμην</span> <span class='ocrx_word' id='word_1_163' title='bbox 2375 2581 2512 2659; x_wconf 78' lang='grc' dir='ltr'>ύμῖν</span> <span class='ocrx_word' id='word_1_164' title='bbox 2542 2583 2717 2638; x_wconf 80' lang='grc' dir='ltr'>εἰπεῖν</span> <span class='ocrx_word' id='word_1_165' title='bbox 2746 2583 2851 2649; x_wconf 79' lang='grc' dir='ltr'>τήν</span> 
     </span>
     <span class='ocr_line' id='line_1_22' title="bbox 736 2670 2851 2751; baseline 0 -23"><span class='ocrx_word' id='word_1_166' title='bbox 736 2695 791 2728; x_wconf 92' lang='grc' dir='ltr'>τε</span> <span class='ocrx_word' id='word_1_167' title='bbox 835 2670 1181 2750; x_wconf 81' lang='grc' dir='ltr'>Ἀντιμάχου</span> <span class='ocrx_word' id='word_1_168' title='bbox 1219 2672 1431 2744; x_wconf 85' lang='grc' dir='ltr'>Λύδην,</span> <span class='ocrx_word' id='word_1_169' title='bbox 1470 2676 1692 2751; x_wconf 87' lang='grc' dir='ltr'>πρόσετι</span> <span class='ocrx_word' id='word_1_170' title='bbox 1730 2672 1789 2731; x_wconf 76' lang='grc' dir='ltr'>δὲ</span> <span class='ocrx_word' id='word_1_171' title='bbox 1822 2676 1910 2731; x_wconf 86' lang='grc' dir='ltr'>καὶ</span> <span class='ocrx_word' id='word_1_172' title='bbox 1941 2677 2042 2743; x_wconf 80' lang='grc' dir='ltr'>τὴν</span> <span class='ocrx_word' id='word_1_173' title='bbox 2078 2675 2376 2750; x_wconf 78' lang='grc' dir='ltr'>ὁμώνυμον</span> <span class='ocrx_word' id='word_1_174' title='bbox 2414 2672 2619 2744; x_wconf 83' lang='grc' dir='ltr'>ταύτης</span> <span class='ocrx_word' id='word_1_175' title='bbox 2657 2670 2851 2750; x_wconf 75' lang='grc' dir='ltr'>ἑτέραν</span> 
     </span>
     <span class='ocr_line' id='line_1_23' title="bbox 737 2762 2849 2843; baseline 0 -23"><span class='ocrx_word' id='word_1_176' title='bbox 737 2762 951 2834; x_wconf 86' lang='grc' dir='ltr'>Λύδην,</span> <span class='ocrx_word' id='word_1_177' title='bbox 987 2770 1057 2834; x_wconf 83' lang='grc' dir='ltr'>ἣν</span> <span class='ocrx_word' id='word_1_178' title='bbox 1099 2766 1300 2839; x_wconf 80' lang='grc' dir='ltr'>ἠγάπα</span> <span class='ocrx_word' id='word_1_179' title='bbox 1333 2764 1665 2843; x_wconf 63' lang='grc' dir='ltr'>Λαμύνθιος</span> <span class='ocrx_word' id='word_1_180' title='bbox 1707 2768 1736 2823; x_wconf 86' lang='grc' dir='ltr'><strong>ὁ</strong></span> <span class='ocrx_word' id='word_1_181' title='bbox 1775 2768 2078 2834; x_wconf 76' lang='grc' dir='ltr'>Μιλήσιος.</span> <span class='ocrx_word' id='word_1_182' title='bbox 2162 2763 2455 2842; x_wconf 88' lang='grc' dir='ltr'>Ἑκατέρος</span> <span class='ocrx_word' id='word_1_183' title='bbox 2490 2770 2604 2843; x_wconf 87' lang='grc' dir='ltr'>γὰρ</span> <span class='ocrx_word' id='word_1_184' title='bbox 2638 2766 2849 2823; x_wconf 88' lang='grc' dir='ltr'>τούτων</span> 
     </span>
     <span class='ocr_line' id='line_1_24' title="bbox 735 2854 2853 2936; baseline 0 -22"><span class='ocrx_word' id='word_1_185' title='bbox 735 2865 844 2914; x_wconf 81' lang='grc' dir='ltr'>τῶν</span> <span class='ocrx_word' id='word_1_186' title='bbox 869 2866 1135 2927; x_wconf 79' lang='grc' dir='ltr'>ποιητῶν,</span> <span class='ocrx_word' id='word_1_187' title='bbox 1179 2860 1252 2922; x_wconf 78' lang='grc' dir='ltr'>ὥς</span> <span class='ocrx_word' id='word_1_188' title='bbox 1273 2864 1419 2935; x_wconf 84' lang='grc' dir='ltr'>’φησι</span> <span class='ocrx_word' id='word_1_189' title='bbox 1466 2856 1767 2935; x_wconf 84' lang='grc' dir='ltr'>Κλέαρχος</span> <span class='ocrx_word' id='word_1_190' title='bbox 1802 2859 1863 2915; x_wconf 81' lang='grc' dir='ltr'>ἐν</span> <span class='ocrx_word' id='word_1_191' title='bbox 1905 2864 2020 2922; x_wconf 80' lang='grc' dir='ltr'>τοῖς</span> <span class='ocrx_word' id='word_1_192' title='bbox 2056 2854 2392 2934; x_wconf 79' lang='grc' dir='ltr'>Ἐρωτικοῖς,</span> <span class='ocrx_word' id='word_1_193' title='bbox 2422 2868 2520 2927; x_wconf 87' lang='grc' dir='ltr'>τῆς</span> <span class='ocrx_word' id='word_1_194' title='bbox 2547 2855 2853 2936; x_wconf 82' lang='grc' dir='ltr'>βαρβάρου</span> 
     </span>
     <span class='ocr_line' id='line_1_25' title="bbox 736 2946 2853 3025; baseline 0.001 -22"><span class='ocrx_word' id='word_1_195' title='bbox 736 2946 924 3016; x_wconf 83' lang='grc' dir='ltr'>Λύδης</span> <span class='ocrx_word' id='word_1_196' title='bbox 949 2951 1029 3013; x_wconf 78' lang='grc' dir='ltr'>εἷς</span> <span class='ocrx_word' id='word_1_197' title='bbox 1061 2946 1371 3025; x_wconf 67' lang='grc' dir='ltr'>ἐπιθυμίαν</span> <span class='ocrx_word' id='word_1_198' title='bbox 1407 2954 1705 3019; x_wconf 84' lang='grc' dir='ltr'>καταστὰς,</span> <span class='ocrx_word' id='word_1_199' title='bbox 1733 2950 1994 3019; x_wconf 80' lang='grc' dir='ltr'>ἐποίησεν</span> <span class='ocrx_word' id='word_1_200' title='bbox 2023 2950 2053 3007; x_wconf 84' lang='grc' dir='ltr'><em>ὃ</em></span> <span class='ocrx_word' id='word_1_201' title='bbox 2078 2947 2189 3025; x_wconf 76' lang='grc' dir='ltr'>μὲν</span> <span class='ocrx_word' id='word_1_202' title='bbox 2216 2950 2279 3006; x_wconf 81' lang='grc' dir='ltr'>ἐν</span> <span class='ocrx_word' id='word_1_203' title='bbox 2306 2949 2597 3023; x_wconf 81' lang='grc' dir='ltr'>ἐλεγείοις,</span> <span class='ocrx_word' id='word_1_204' title='bbox 2638 2952 2669 3007; x_wconf 84' lang='grc' dir='ltr'>ὁ</span> <span class='ocrx_word' id='word_1_205' title='bbox 2708 2948 2755 3006; x_wconf 83' lang='grc' dir='ltr'>δ’</span> <span class='ocrx_word' id='word_1_206' title='bbox 2788 2950 2853 3007; x_wconf 79' lang='grc' dir='ltr'>ἐν</span> 
     </span>
     <span class='ocr_line' id='line_1_26' title="bbox 732 3039 2853 3119; baseline 0 -22"><span class='ocrx_word' id='word_1_207' title='bbox 732 3042 890 3118; x_wconf 87' lang='grc' dir='ltr'>μέλει</span> <span class='ocrx_word' id='word_1_208' title='bbox 917 3039 978 3098; x_wconf 87' lang='grc' dir='ltr'>τὸ</span> <span class='ocrx_word' id='word_1_209' title='bbox 1001 3040 1346 3118; x_wconf 83' lang='grc' dir='ltr'>καλούμενον</span> <span class='ocrx_word' id='word_1_210' title='bbox 1373 3046 1608 3117; x_wconf 86' lang='grc' dir='ltr'>ποίημα,</span> <span class='ocrx_word' id='word_1_211' title='bbox 1634 3039 1843 3111; x_wconf 86' lang='grc' dir='ltr'>Λύδην.</span> <span class='ocrx_word' id='word_1_212' title='bbox 1930 3043 2255 3118; x_wconf 87' lang='grc' dir='ltr'>Παρέλιπον</span> <span class='ocrx_word' id='word_1_213' title='bbox 2274 3039 2439 3098; x_wconf 78' lang='grc' dir='ltr'>δὲκαὶ</span> <span class='ocrx_word' id='word_1_214' title='bbox 2468 3044 2569 3110; x_wconf 80' lang='grc' dir='ltr'>τὴν</span> <span class='ocrx_word' id='word_1_215' title='bbox 2597 3044 2853 3119; x_wconf 84' lang='grc' dir='ltr'>Μιμνέρ-</span> 
     </span>
     <span class='ocr_line' id='line_1_27' title="bbox 733 3130 2853 3212; baseline 0.001 -23"><span class='ocrx_word' id='word_1_216' title='bbox 733 3156 840 3208; x_wconf 88' lang='grc' dir='ltr'>μου</span> <span class='ocrx_word' id='word_1_217' title='bbox 884 3130 1192 3210; x_wconf 81' lang='grc' dir='ltr'>αὒλητρίδα</span> <span class='ocrx_word' id='word_1_218' title='bbox 1238 3136 1466 3203; x_wconf 79' lang='grc' dir='ltr'>Ναννὼ,</span> <span class='ocrx_word' id='word_1_219' title='bbox 1511 3136 1600 3190; x_wconf 85' lang='grc' dir='ltr'>καὶ</span> <span class='ocrx_word' id='word_1_220' title='bbox 1658 3136 1759 3203; x_wconf 83' lang='grc' dir='ltr'>τὴν</span> <span class='ocrx_word' id='word_1_221' title='bbox 1812 3130 2283 3210; x_wconf 86' lang='grc' dir='ltr'>Ἐρμεσιάνακτος</span> <span class='ocrx_word' id='word_1_222' title='bbox 2340 3141 2435 3191; x_wconf 86' lang='grc' dir='ltr'>τοῦ</span> <span class='ocrx_word' id='word_1_223' title='bbox 2484 3130 2853 3212; x_wconf 82' lang='grc' dir='ltr'>Κολοφωνίου</span> 
     </span>
     <span class='ocr_line' id='line_1_28' title="bbox 734 3221 2851 3302; baseline 0.001 -21"><span class='ocrx_word' id='word_1_224' title='bbox 734 3226 1021 3281; x_wconf 81' lang='grc' dir='ltr'>Λεόντιον.</span> <span class='ocrx_word' id='word_1_225' title='bbox 1108 3221 1425 3299; x_wconf 89' lang='lat' dir='ltr'>Epitheton</span> <span class='ocrx_word' id='word_1_226' title='bbox 1446 3221 1766 3301; x_wconf 81' lang='grc' dir='ltr'>βαρβάρου,</span> <span class='ocrx_word' id='word_1_227' title='bbox 1799 3222 1977 3302; x_wconf 80' lang='lat' dir='ltr'>Lydae</span> <span class='ocrx_word' id='word_1_228' title='bbox 2008 3221 2100 3281; x_wconf 91' lang='lat' dir='ltr'>hic</span> <span class='ocrx_word' id='word_1_229' title='bbox 2129 3221 2358 3293; x_wconf 86' lang='lat' dir='ltr'>datum,</span> <span class='ocrx_word' id='word_1_230' title='bbox 2388 3222 2454 3281; x_wconf 88' lang='lat' dir='ltr'>iis</span> <span class='ocrx_word' id='word_1_231' title='bbox 2484 3223 2623 3282; x_wconf 85' lang='lat' dir='ltr'>addi</span> <span class='ocrx_word' id='word_1_232' title='bbox 2650 3223 2851 3297; x_wconf 89' lang='lat' dir='ltr'>debet,</span> 
     </span>
     <span class='ocr_line' id='line_1_29' title="bbox 732 3313 1806 3394; baseline 0.001 -24"><span class='ocrx_word' id='word_1_233' title='bbox 732 3333 868 3394; x_wconf 77' lang='lat' dir='ltr'>quae</span> <span class='ocrx_word' id='word_1_234' title='bbox 899 3332 1075 3392; x_wconf 86' lang='lat' dir='ltr'>supra</span> <span class='ocrx_word' id='word_1_235' title='bbox 1102 3313 1176 3371; x_wconf 90' lang='lat' dir='ltr'>de</span> <span class='ocrx_word' id='word_1_236' title='bbox 1209 3313 1418 3391; x_wconf 83' lang='lat' dir='ltr'>puellae</span> <span class='ocrx_word' id='word_1_237' title='bbox 1448 3313 1636 3392; x_wconf 86' lang='lat' dir='ltr'>patria</span> <span class='ocrx_word' id='word_1_238' title='bbox 1663 3314 1806 3372; x_wconf 80' lang='lat' dir='ltr'>dixi.</span> 
     </span>
    </p>

    <p class='ocr_par' dir='ltr' id='par_1_4' title="bbox 813 3405 2067 3480">
     <span class='ocr_line' id='line_1_30' title="bbox 813 3405 2067 3480; baseline 0.002 -18"><span class='ocrx_word' id='word_1_239' title='bbox 813 3414 848 3474; x_wconf 78' lang='lat'>†</span> <span class='ocrx_word' id='word_1_240' title='bbox 897 3405 1077 3475; x_wconf 89' lang='lat' dir='ltr'>Fasti,</span> <span class='ocrx_word' id='word_1_241' title='bbox 1106 3406 1216 3463; x_wconf 88' lang='lat' dir='ltr'>Ars</span> <span class='ocrx_word' id='word_1_242' title='bbox 1243 3406 1498 3480; x_wconf 82' lang='lat' dir='ltr'>amandi,</span> <span class='ocrx_word' id='word_1_243' title='bbox 1531 3405 1815 3466; x_wconf 88' lang='lat' dir='ltr'>Remedia</span> <span class='ocrx_word' id='word_1_244' title='bbox 1843 3406 2067 3466; x_wconf 77' lang='lat' dir='ltr'>amoriS.</span> 
     </span>
    </p>

    <p class='ocr_par' dir='ltr' id='par_1_5' title="bbox 721 3497 2853 4307">
     <span class='ocr_line' id='line_1_31' title="bbox 809 3497 2852 3615; baseline 0.003 -60"><span class='ocrx_word' id='word_1_245' title='bbox 809 3505 836 3567; x_wconf 74' lang='grc' dir='ltr'>Ι</span> <span class='ocrx_word' id='word_1_246' title='bbox 879 3497 1114 3557; x_wconf 85' lang='lat' dir='ltr'>Consol.</span> <span class='ocrx_word' id='word_1_247' title='bbox 1149 3498 1224 3556; x_wconf 86' lang='lat' dir='ltr'>ad</span> <span class='ocrx_word' id='word_1_248' title='bbox 1266 3497 1459 3578; x_wconf 83' lang='lat' dir='ltr'>Apoll.</span> <span class='ocrx_word' id='word_1_249' title='bbox 1497 3519 1554 3615; x_wconf 79' lang='lat' dir='ltr'>p.</span> <span class='ocrx_word' id='word_1_250' title='bbox 1602 3500 1738 3570; x_wconf 85' lang='lat'>106,</span> <span class='ocrx_word' id='word_1_251' title='bbox 1780 3499 1851 3558; x_wconf 90' lang='grc' dir='ltr'>Β.</span> <span class='ocrx_word' id='word_1_252' title='bbox 1934 3498 2256 3579; x_wconf 77' lang='grc' dir='ltr'>Ἐχρήσατο</span> <span class='ocrx_word' id='word_1_253' title='bbox 2284 3506 2347 3581; x_wconf 78' lang='grc' dir='ltr'>τῇ</span> <span class='ocrx_word' id='word_1_254' title='bbox 2380 3502 2605 3583; x_wconf 73' lang='grc' dir='ltr'>τοιαύτῃ</span> <span class='ocrx_word' id='word_1_255' title='bbox 2638 3506 2852 3583; x_wconf 76' lang='grc' dir='ltr'>αγωγῇ</span> 
     </span>
     <span class='ocr_line' id='line_1_32' title="bbox 729 3575 2853 3671; baseline 0.003 -22"><span class='ocrx_word' id='word_1_256' title='bbox 729 3595 820 3653; x_wconf 86' lang='grc' dir='ltr'>καὶ</span> <span class='ocrx_word' id='word_1_257' title='bbox 861 3591 1212 3671; x_wconf 85' lang='grc' dir='ltr'>Ἀντίμαχος</span> <span class='ocrx_word' id='word_1_258' title='bbox 1259 3595 1290 3651; x_wconf 86' lang='grc' dir='ltr'><strong>ὁ</strong></span> <span class='ocrx_word' id='word_1_259' title='bbox 1331 3596 1580 3663; x_wconf 77' lang='grc' dir='ltr'>ποιητής·</span> <span class='ocrx_word' id='word_1_260' title='bbox 1623 3575 2024 3663; x_wconf 67' lang='grc' dir='ltr'>ἀποθανούσης</span> <span class='ocrx_word' id='word_1_261' title='bbox 2070 3598 2184 3671; x_wconf 85' lang='grc' dir='ltr'>γὰρ</span> <span class='ocrx_word' id='word_1_262' title='bbox 2228 3603 2326 3663; x_wconf 86' lang='grc' dir='ltr'>τῆς</span> <span class='ocrx_word' id='word_1_263' title='bbox 2366 3594 2632 3667; x_wconf 85' lang='grc' dir='ltr'>γυναικὸς</span> <span class='ocrx_word' id='word_1_264' title='bbox 2674 3599 2853 3656; x_wconf 87' lang='grc' dir='ltr'>αυτοῦ</span> 
     </span>
     <span class='ocr_line' id='line_1_33' title="bbox 729 3681 2853 3798; baseline 0.002 -56"><span class='ocrx_word' id='word_1_265' title='bbox 729 3682 938 3754; x_wconf 83' lang='grc' dir='ltr'>Λύδης,</span> <span class='ocrx_word' id='word_1_266' title='bbox 985 3683 1124 3798; x_wconf 83' lang='grc' dir='ltr'>πρὸς</span> <span class='ocrx_word' id='word_1_267' title='bbox 1168 3690 1239 3754; x_wconf 89' lang='grc' dir='ltr'>ἢν</span> <span class='ocrx_word' id='word_1_268' title='bbox 1283 3686 1665 3762; x_wconf 79' lang='grc' dir='ltr'>φιλοστόργως</span> <span class='ocrx_word' id='word_1_269' title='bbox 1710 3681 1853 3762; x_wconf 75' lang='grc' dir='ltr'>εἶχε,</span> <span class='ocrx_word' id='word_1_270' title='bbox 1900 3684 2263 3763; x_wconf 71' lang='grc' dir='ltr'>παραμύθιον</span> <span class='ocrx_word' id='word_1_271' title='bbox 2312 3696 2409 3755; x_wconf 84' lang='grc' dir='ltr'>τῆς</span> <span class='ocrx_word' id='word_1_272' title='bbox 2462 3687 2645 3756; x_wconf 86' lang='grc' dir='ltr'>λύπης</span> <span class='ocrx_word' id='word_1_273' title='bbox 2694 3686 2853 3768; x_wconf 69' lang='grc' dir='ltr'>αυτῷ</span> 
     </span>
     <span class='ocr_line' id='line_1_34' title="bbox 725 3774 2853 3856; baseline 0.002 -22"><span class='ocrx_word' id='word_1_274' title='bbox 725 3778 950 3845; x_wconf 81' lang='grc' dir='ltr'>ἐποίησε</span> <span class='ocrx_word' id='word_1_275' title='bbox 978 3780 1079 3846; x_wconf 88' lang='grc' dir='ltr'>τὴν</span> <span class='ocrx_word' id='word_1_276' title='bbox 1105 3774 1413 3850; x_wconf 85' lang='grc' dir='ltr'>Ἐλεγείαν</span> <span class='ocrx_word' id='word_1_277' title='bbox 1440 3779 1541 3846; x_wconf 84' lang='grc' dir='ltr'>τὴν</span> <span class='ocrx_word' id='word_1_278' title='bbox 1570 3779 1919 3854; x_wconf 84' lang='grc' dir='ltr'>καλουμένην</span> <span class='ocrx_word' id='word_1_279' title='bbox 1945 3775 2160 3847; x_wconf 84' lang='grc' dir='ltr'>Λύδην,</span> <span class='ocrx_word' id='word_1_280' title='bbox 2183 3776 2705 3856; x_wconf 67' lang='grc' dir='ltr'>ἐξαριθμησάμενος</span> <span class='ocrx_word' id='word_1_281' title='bbox 2743 3786 2853 3848; x_wconf 83' lang='grc' dir='ltr'>τὰς</span> 
     </span>
     <span class='ocr_line' id='line_1_35' title="bbox 728 3868 2853 3947; baseline 0.004 -23"><span class='ocrx_word' id='word_1_282' title='bbox 728 3872 960 3944; x_wconf 78' lang='grc' dir='ltr'>ἦρωῖκὰς</span> <span class='ocrx_word' id='word_1_283' title='bbox 989 3872 1296 3947; x_wconf 82' lang='grc' dir='ltr'>συμφορὰς,</span> <span class='ocrx_word' id='word_1_284' title='bbox 1326 3876 1440 3935; x_wconf 78' lang='grc' dir='ltr'>τοῖς</span> <span class='ocrx_word' id='word_1_285' title='bbox 1475 3871 1797 3945; x_wconf 76' lang='grc' dir='ltr'>ἀλλοτρίοις</span> <span class='ocrx_word' id='word_1_286' title='bbox 1833 3876 2017 3934; x_wconf 78' lang='grc' dir='ltr'>κακοῖς</span> <span class='ocrx_word' id='word_1_287' title='bbox 2045 3869 2257 3928; x_wconf 82' lang='grc' dir='ltr'>ἐλάττω</span> <span class='ocrx_word' id='word_1_288' title='bbox 2296 3874 2396 3939; x_wconf 85' lang='grc' dir='ltr'>τὴν</span> <span class='ocrx_word' id='word_1_289' title='bbox 2432 3868 2631 3929; x_wconf 79' lang='grc' dir='ltr'>ἑαυτοῦ</span> <span class='ocrx_word' id='word_1_290' title='bbox 2668 3883 2853 3933; x_wconf 81' lang='grc' dir='ltr'>ποιῶν</span> 
     </span>
     <span class='ocr_line' id='line_1_36' title="bbox 726 3956 2853 4042; baseline 0.004 -26"><span class='ocrx_word' id='word_1_291' title='bbox 726 3960 935 4029; x_wconf 86' lang='grc' dir='ltr'>λύπην.</span> <span class='ocrx_word' id='word_1_292' title='bbox 1018 3957 1199 4017; x_wconf 74' lang='lat' dir='ltr'>‘&#39;ssa-re</span> <span class='ocrx_word' id='word_1_293' title='bbox 1223 3958 1536 4038; x_wconf 79' lang='grc' dir='ltr'>καταφανὲς</span> <span class='ocrx_word' id='word_1_294' title='bbox 1554 3956 1725 4029; x_wconf 80' lang='grc' dir='ltr'>εἶναι,</span> <span class='ocrx_word' id='word_1_295' title='bbox 1746 3959 1830 4018; x_wconf 83' lang='grc' dir='ltr'>ὅτι</span> <span class='ocrx_word' id='word_1_296' title='bbox 1861 3962 1891 4018; x_wconf 84' lang='grc' dir='ltr'><em>ὃ</em></span> <span class='ocrx_word' id='word_1_297' title='bbox 1912 3959 2419 4040; x_wconf 56' lang='grc' dir='ltr'>παραμυθούμενος</span> <span class='ocrx_word' id='word_1_298' title='bbox 2441 3962 2542 4020; x_wconf 79' lang='grc' dir='ltr'>τὸν</span> <span class='ocrx_word' id='word_1_299' title='bbox 2563 3964 2853 4042; x_wconf 83' lang='grc' dir='ltr'>λυπούμε·</span> 
     </span>
     <span class='ocr_line' id='line_1_37' title="bbox 729 4050 2851 4131; baseline 0.002 -21"><span class='ocrx_word' id='word_1_300' title='bbox 729 4077 847 4122; x_wconf 84' lang='grc' dir='ltr'>νον,</span> <span class='ocrx_word' id='word_1_301' title='bbox 893 4054 981 4109; x_wconf 78' lang='grc' dir='ltr'>καὶ</span> <span class='ocrx_word' id='word_1_302' title='bbox 1031 4050 1290 4109; x_wconf 77' lang='grc' dir='ltr'>δεικνύων</span> <span class='ocrx_word' id='word_1_303' title='bbox 1331 4052 1516 4109; x_wconf 84' lang='grc' dir='ltr'>κοινὸν</span> <span class='ocrx_word' id='word_1_304' title='bbox 1566 4054 1655 4109; x_wconf 86' lang='grc' dir='ltr'>καὶ</span> <span class='ocrx_word' id='word_1_305' title='bbox 1704 4056 1934 4110; x_wconf 82' lang='grc' dir='ltr'>πολλῶν</span> <span class='ocrx_word' id='word_1_306' title='bbox 1977 4053 2038 4111; x_wconf 84' lang='grc' dir='ltr'>τὸ</span> <span class='ocrx_word' id='word_1_307' title='bbox 2078 4052 2455 4131; x_wconf 83' lang='grc' dir='ltr'>συμβεβηκὸς,</span> <span class='ocrx_word' id='word_1_308' title='bbox 2496 4055 2557 4112; x_wconf 82' lang='grc' dir='ltr'>ἐκ</span> <span class='ocrx_word' id='word_1_309' title='bbox 2600 4065 2713 4114; x_wconf 82' lang='grc' dir='ltr'>τῶν</span> <span class='ocrx_word' id='word_1_310' title='bbox 2751 4062 2851 4117; x_wconf 85' lang='grc' dir='ltr'>καὶ</span> 
     </span>
     <span class='ocr_line' id='line_1_38' title="bbox 721 4141 2847 4226; baseline 0.003 -25"><span class='ocrx_word' id='word_1_311' title='bbox 721 4144 920 4220; x_wconf 80' lang='grc' dir='ltr'>ἑτέροις</span> <span class='ocrx_word' id='word_1_312' title='bbox 951 4141 1386 4221; x_wconf 83' lang='grc' dir='ltr'>συμβεβηκότων</span> <span class='ocrx_word' id='word_1_313' title='bbox 1414 4143 1687 4201; x_wconf 76' lang='grc' dir='ltr'>ἐλάττονα</span> <span class='ocrx_word' id='word_1_314' title='bbox 1724 4144 1825 4212; x_wconf 84' lang='grc' dir='ltr'>τὴν</span> <span class='ocrx_word' id='word_1_315' title='bbox 1861 4143 2029 4211; x_wconf 75' lang='grc' dir='ltr'>δόξαν</span> <span class='ocrx_word' id='word_1_316' title='bbox 2068 4153 2161 4204; x_wconf 86' lang='grc' dir='ltr'>τοῦ</span> <span class='ocrx_word' id='word_1_317' title='bbox 2204 4150 2597 4224; x_wconf 83' lang='grc' dir='ltr'>λελυπημένου</span> <span class='ocrx_word' id='word_1_318' title='bbox 2633 4146 2847 4226; x_wconf 68' lang='grc' dir='ltr'>μεθίσ-</span> 
     </span>
     <span class='ocr_line' id='line_1_39' title="bbox 723 4261 866 4307; baseline -0.028 -12"><span class='ocrx_word' id='word_1_319' title='bbox 723 4261 866 4307; x_wconf 86' lang='grc' dir='ltr'>τησι.</span> 
     </span>
    </p>
   </div>
  </div>
 </body>
</html>
