3125 5009
1196 346 1542 399 manns.
2326 334 2420 402 79

319 483 537 571 Atque
585 486 755 555 idem
803 492 983 559 locus
1032 493 1223 561 Hom.
1267 496 1441 577 huic,
1483 500 1565 564 de
1608 520 1737 586 quo
1781 500 2155 588 quaerimuS,
2201 499 2426 565 similis

316 585 513 651 videri
562 601 793 678 potest.
886 596 1054 661 Nam
1101 607 1166 663 et
1216 599 1302 664 ibi
1353 600 1700 667 Diomedes
1746 624 1894 667 cum
1937 603 2192 690 Ulysse,
2231 602 2422 667 saluti

316 709 449 755 suae
508 697 942 779 consulentes,
995 701 1289 788 neglecto
1343 702 1542 767 Rhesi
1603 726 1816 785 curru,
1868 708 1951 770 ad
2003 681 2424 793 equitandum

315 790 718 905 confugiunt.
812 798 1115 867 Attamen
1177 804 1259 868 ab
1317 805 1710 871 Antimacho
1768 829 2028 894 quoque
2092 808 2198 871 uni
2258 828 2427 894 equo

315 895 650 977 perniciori
692 909 757 963 et
802 901 1122 985 nobiliori,
1154 907 1330 994 quod
1372 907 1624 972 duobus
1663 908 1996 989 debuerat,
2027 910 2223 974 tribui
2264 909 2426 973 forte

320 997 546 1080 potuit,
580 1010 652 1065 ut
681 1001 855 1066 fere
840 1025 905 1067 m
940 1003 1202 1071 Hesiod.
1238 1005 1414 1073 Scut.
1452 1010 1598 1074 120.
1693 1009 1780 1073 Et
1818 1010 1938 1075 hoc
1973 1013 2202 1076 suadet
2230 1012 2424 1076 etiam

320 1095 488 1164 Stat.
529 1100 653 1166 XI.
699 1106 846 1170 440.
890 1108 1302 1195 sqq.--Quid
1352 1121 1572 1176 autem
1619 1134 1826 1176 moror
1873 1113 1938 1177 in
1988 1133 2199 1193 νει-8η,
2235 1134 2426 1199 quem

317 1199 504 1267 facile
534 1205 768 1293 aliquis
797 1230 832 1273 e
864 1232 1162 1275 versuum
1187 1234 1447 1278 numero
1467 1213 1703 1299 ejiciat,
1735 1237 1864 1279 uno
1896 1214 2207 1280 vocabulo
2225 1217 2428 1290 ἵππος

319 1325 419 1390 ap.
446 1305 817 1394 Apollodor.
846 1332 961 1399 pro
992 1314 1375 1400 glossemate
1404 1317 1662 1403 rejecto-

532 1806 629 1885 ’Ὴ
670 1805 898 1903 Unum,
938 1810 977 1905 ἢ
1018 1808 1281 1906 ἵππον,
1323 1814 1363 1909 ἢ
1398 1812 1463 1894 ὃν
1504 1814 1762 1917 κίχλην
1802 1813 2179 1898 καλέουσιν.

322 2018 602 2082 ΑΤΗΕΝ.
635 2017 793 2081 V11.
830 2041 895 2107 p.
922 2020 1070 2085 304.
1105 2018 1175 2083 F.
1209 2020 1289 2085 de
1319 2020 1519 2108 hippo
1551 2022 1761 2108 pisce·
1811 2029 2204 2108 Μνημονεΰει
2241 2028 2435 2093 αὐτοῦ

320 2121 766 2206 Ἀντιφάνης“
739 2148 777 2186 ο
810 2121 1283 2207 Κολοφώνιος’
1260 2152 1327 2189 εν
1355 2129 1434 2211 τῇ
1471 2122 1748 2211 Θηβαΐδι
1780 2124 1990 2212 λέγων
2021 2127 2245 2204 ουτως·
2322 2127 2436 2207 ’⁴,H

326 2252 379 2293 κ.
430 2222 493 2288 λ.
582 2221 1032 2309 Antiphanem
1071 2224 1551 2289 celeberrimum
1592 2227 1818 2291 mediae
1875 2227 2230 2294 Comoediae
2287 2252 2439 2295 auc-

328 2332 549 2405 torem,
582 2323 1041 2389 Demosthenis
1088 2327 1425 2413 aequalem,
1461 2328 1584 2392 etsi
1627 2329 1835 2414 patria
1877 2330 2020 2415 ejus
2059 2352 2186 2394 non
2218 2330 2438 2416 explo-

330 2434 467 2492 rata
497 2435 615 2507 est,
637 2448 823 2491 nemo
851 2436 1063 2493 tamen
1096 2428 1572 2516 Colophonium
1603 2430 1902 2516 prodidit,
1934 2440 2008 2494 ut
2029 2453 2148 2496 nec
2184 2431 2290 2495 hic
2320 2452 2441 2495 nec

330 2530 497 2595 alius
543 2529 942 2616 cognominis
994 2539 1185 2617 poeta
1227 2530 1620 2596 Thebaidem
1669 2532 1998 2619 scripsisse
2049 2533 2440 2621 perhibetur.

330 2632 501 2698 Hinc
537 2632 675 2717 jam
717 2654 967 2697 versum
1009 2632 1191 2697 illum
1236 2632 1403 2697 inter
1441 2634 1644 2698 nostri
1680 2633 1979 2721 fragmm.
2017 2655 2442 2721 reposueram,

334 2757 485 2801 cum
514 2734 811 2798 videbam
838 2732 1131 2799 Jonsium
1161 2734 1241 2799 de
1272 2734 1531 2821 Scriptt.
1557 2733 1644 2799 H.
1667 2735 1744 2800 P.
1772 2736 1816 2817 l,
1843 2738 1901 2800 7.
1929 2759 1991 2823 p.
2017 2738 2123 2800 34.
2149 2746 2218 2801 et
2247 2736 2448 2800 Bent-

333 2838 525 2904 leium
558 2837 623 2901 in
656 2835 778 2923 Ep.
810 2836 889 2901 ad
938 2835 1106 2900 Mill.
1139 2860 1200 2923 p.
1231 2838 1379 2901 460.
1409 2837 1508 2901 ed.
1544 2836 1721 2923 Lips.
1753 2860 1854 2925 ap.
1886 2839 2120 2902 Athen.
2153 2860 2270 2925 pro
2297 2839 2447 2905 ‘Av-

332 2943 593 3028 τιφάνης
655 2939 985 3005 restituere
1043 2940 1457 3028 Ἀντίμαχος.
1552 2938 1888 3005 Habeatur
1949 2942 2168 3028 itaque
2225 2962 2447 3005 versus

335 3042 500 3109 inter
528 3041 987 3107 Antimacheos
1025 3040 1325 3107 hiatuum
1364 3063 1685 3107 concursu
1717 3064 1940 3129 parum
1974 3042 2446 3130 gratum—Pri-

336 3167 512 3210 mum
544 3146 583 3223 ἢ
616 3167 761 3210 cum
793 3166 930 3233 seq.
962 3145 1211 3231 syllaba
1240 3144 1343 3210 vel
1386 3144 1873 3232 pronunciando
1904 3143 2448 3233 conjungendum,

339 3249 451 3331 (de
480 3271 609 3336 quo
649 3271 707 3313 v.
748 3246 969 3313 Clark.
1009 3248 1091 3312 ad
1137 3247 1212 3311 Il.
1256 3278 1295 3315 ι.
1338 3248 1485 3313 533.
1528 3256 1596 3313 et
1633 3248 1818 3328 alibi)
1857 3249 1954 3314 vel
1997 3247 2451 3334 abjiciendum,

340 3350 512 3437 quod
561 3349 800 3414 malim.
891 3349 1169 3414 Nomina
1215 3349 1359 3435 ipsa
1401 3349 1676 3437 piscium
1727 3360 1898 3414 sunt.
1992 3349 2092 3414 De
2138 3350 2289 3437 ὖκκῃ
2338 3372 2454 3413 seu

344 3454 458 3539 ῧκῃ
484 3474 547 3515 v.
572 3451 804 3515 Athen.
822 3450 982 3515 Vll.
1001 3473 1065 3537 p.
1092 3452 1241 3516 327.
1264 3451 1341 3515 B.
1364 3452 1478 3539 qui
1500 3475 1533 3517 e
1556 3451 1886 3516 Zenodoto
1911 3460 2150 3532 monet,
2174 3450 2452 3516 eundem

342 3554 817 3642 Cyrenensibus
847 3558 1182 3642 ἐρυθρῖνον
1212 3563 1531 3634 vocatum,
1573 3576 1611 3617 a
1651 3554 1978 3619 nonnullis
2007 3576 2153 3619 vero
2180 3553 2456 3618 eundem

345 3657 640 3722 habitum
670 3652 922 3733 ἰουλίδι,
952 3656 1034 3720 de
1073 3677 1203 3743 quo
1244 3656 1419 3743 pisce
1448 3678 1505 3720 v.
1545 3656 1644 3720 Ill.
1680 3654 2051 3721 Schneider.
2090 3655 2173 3719 ad
2204 3654 2340 3719 AEl.
2371 3655 2451 3719 N·

347 3760 425 3826 A.
459 3759 551 3839 II,
582 3756 1001 3833 44.-Ἵππος
1044 3755 1375 3844 Hesychio
1404 3758 1764 3845 explicatur
1799 3763 1835 3823 ὁ
1873 3762 2072 3845 μέγας
2102 3755 2460 3833 θαλάσσιος

352 3866 565 3953 ἰχθύς.
656 3860 757 3925 Cf.
811 3860 983 3924 Plin.
1036 3858 1125 3923 H.
1172 3860 1255 3923 N.
1306 3858 1611 3939 XXXII,
1668 3860 1769 3924 ll.
1824 3860 1939 3946 qui
1993 3881 2221 3924 nomen
2276 3859 2458 3946 hippi

349 3965 631 4031 retinuit.
709 3963 950 4051 Κίχλη,
1001 3962 1373 4028 Latinorum
1402 3971 1667 4049 putatur
1695 3962 1938 4042 turdus,
1961 3962 2128 4026 inter
2157 3960 2461 4026 saxatiles

351 4068 557 4155 pisces
597 4067 881 4133 habitus.
923 4089 982 4130 v.
1015 4066 1187 4131 Plin.
1231 4066 1371 4131 eod.
1416 4067 1535 4129 loc.
1579 4075 1645 4131 et
1687 4064 1812 4146 IX,
1862 4065 1962 4130 15.
2007 4064 2228 4152 ibique
2272 4064 2323 4129 Ι.
2360 4061 2460 4131 Fr.

355 4171 632 4235 Gronov.
665 4169 749 4233 cf.
782 4166 1018 4233 AElian.
1044 4166 1132 4233 Ν.
1165 4168 1241 4231 Α.
1277 4167 1436 4246 XII,
1467 4168 1572 4231 28.
