3125 5009
1075 296 1516 349 AN'rmAcm
1559 302 1762 354 vrrA.
2370 291 2465 360 27

454 436 622 505 Satis
645 462 723 505 ex
748 440 870 522 his,
891 466 1038 532 quae
1055 446 1386 534 disputata
1411 459 1585 531 sunt,
1616 462 1896 539 apparet,
1925 456 2097 543 quod
2125 456 2465 541 voluimus,

363 540 562 606 nostri
581 540 970 611 Thebaidem
991 548 1305 615 diversam
1326 550 1525 618 fuisse
1545 576 1583 618 a
1606 554 1864 641 cyclica,
1888 567 2107 645 utpote
2132 582 2280 646 quae
2302 561 2467 626 anti-

361 642 601 729 quioris
620 645 739 711 fuit
757 660 980 735 poetae,
995 652 1103 717 sed
1118 654 1305 740 cujus
1325 676 1556 721 nomen
1574 666 1855 722 vetustas
1875 670 2120 725 mature
2139 662 2465 729 oblittera·
2556 670 2559 677 '

361 743 471 809 vit.
562 744 766 814 Simul
809 749 1031 818 iisdem
1075 754 1234 820 locis
1280 766 1581 838 veterum,
1612 780 1773 846 quos
1805 759 2077 842 adduxi,
2110 764 2459 849 proesertim

357 846 731 934 Apollodori
763 863 830 919 et
863 854 1225 939 Pausanioe,
1247 880 1374 924 non
1407 860 1697 941 obscure,
1722 872 1900 950 pute,
1932 863 2252 944 docemur,
2284 866 2455 954 quod

357 953 711 1019 secuudum
743 958 1169 1048 antiquiorem
1200 962 1378 1028 illam
1411 963 1669 1029 demum
1696 965 2118 1032 Antimachea
2142 968 2460 1035 celebrata

355 1052 563 1121 fuerit.
656 1057 822 1125 Nam
853 1062 908 1127 si
941 1072 1285 1155 utrumque
1317 1088 1540 1153 poema
1569 1067 1927 1155 antiquitus
1958 1069 2020 1133 in
2054 1070 2185 1157 pari
2218 1069 2458 1137 honore

355 1158 526 1244 apud
570 1160 836 1230 lectores
872 1165 1118 1248 fuisset,
1154 1170 1471 1256 cyclicum
1517 1170 1777 1236 omnino
1824 1171 1927 1237 isti
1983 1172 2109 1238 alio
2156 1174 2347 1239 modo
2392 1183 2456 1239 et

351 1260 752 1349 designatius
770 1266 1224 1337 excitassent!
1291 1271 1530 1337 Verum
1548 1272 1909 1361 insequenti
1940 1282 2218 1363 tempore
2238 1297 2454 1342 recen-

349 1363 490 1429 tiori
539 1366 850 1434 Thebaidi
892 1372 1216 1461 antiquior
1255 1375 1566 1441 hactenus
1606 1375 1859 1441 videtur
1898 1376 2307 1459 concessisse,
2358 1389 2451 1458 ut,

349 1466 544 1555 hujus
593 1472 982 1539 amatoribus
1034 1476 1625 1564 languescentibus,
1680 1478 1789 1543 illa
1836 1478 2042 1566 magis
2101 1479 2446 1567 legeretur3

347 1572 521 1659 quod
562 1574 1136 1645 Alexandrinorum
1163 1580 1438 1668 judicio,
1479 1579 1559 1645 de
1601 1602 1731 1668 quo
1770 1591 1992 1668 postea
2032 1582 2265 1662 dicam,
2322 1603 2449 1648 non

345 1672 654 1743 immerito
677 1679 910 1768 aliquis
933 1681 1241 1749 tribuerit.
1317 1681 1452 1749 N‘ec
1474 1682 1689 1747 minus
1715 1682 1845 1762 alii,
1866 1693 1995 1747 tam
2019 1694 2224 1771 poetae
2250 1706 2445 1772 quam

347 1779 534 1845 soluti
571 1783 879 1848 sermonis
911 1785 1272 1873 scriptores,
1301 1806 1446 1851 mox
1477 1786 1883 1866 exstiterunt,
1916 1786 2025 1875 qui
2057 1785 2227 1851 idem
2258 1806 2447 1875 argu-

345 1890 622 1947 mentum
672 1896 1034 1968 tractarent,
1075 1910 1236 1976 quos
1285 1909 1362 1954 ex
1406 1887 1532 1953 illis
1568 1887 1819 1952 duobus
1864 1887 2149 1953 fontibus
2190 1888 2447 1975 potissi-

341 2005 513 2049 mum
557 2008 673 2052 sua
715 1988 1001 2055 hausisse
1039 1991 1368 2079 probabile
1413 2001 1528 2059 est.
1620 1989 1721 2055 Ita
1760 1988 2032 2077 legimus
2075 1988 2443 2055 Menelaum

340 2089 684 2175 quendam,
714 2090 1064 2174 Thebaida,
1093 2094 1417 2159 heroicum
1449 2114 1724 2172 carmen,
1743 2090 2077 2157 duodecim
2102 2091 2279 2156 libris
2304 2114 2443 2179 per-

337 2191 665 2279 scripsisse
683 2218 701 2273 ;
750 2195 861 2259 sed
894 2196 973 2260 de
1006 2195 1127 2261 hoc
1155 2194 1415 2261 aliunde
1445 2216 1639 2282 quarn
1669 2215 1703 2259 e
1733 2192 1933 2259 Suida
1963 2214 2087 2259 non
2118 2199 2443 2271 constat.†

341 2290 666 2359 Laudatur
713 2296 902 2361 etiam
952 2296 1314 2385 Antagoras
1357 2296 1675 2377 Rhodius,
1720 2295 1967 2361 celeber
2007 2305 2215 2384 poeta,
2257 2296 2438 2361 Arati

341 2393 622 2461 Solensis
663 2397 955 2485 aequalis,
990 2406 1058 2464 et
1099 2398 1412 2485 Antigoni
1444 2398 1721 2464 Gonatae
1752 2396 2033 2463 amicitia
2062 2398 2297 2477 clarus,
2331 2396 2436 2462 cui

339 2498 394 2584 ej
409 2499 627 2564 usdem
653 2499 826 2565 tituli
857 2521 1084 2587 poema
1114 2509 1336 2566 auctor
1356 2500 1504 2565 vitae
1529 2498 1712 2564 Arati
1738 2498 2028 2583 tribuit.‡
2119 2498 2438 2563 Praeterea

339 2599 446 2664 alii
477 2609 649 2683 sunt,
677 2601 789 2689 qui
821 2603 1032 2667 minus
1066 2602 1190 2668 buc
1221 2602 1486 2682 faciunt,
1520 2602 1753 2690 partim
1785 2600 1974 2666 etiam
2008 2599 2436 2687 ignobiliores,

339 2797 554 2859 calcem
606 2798 770 2859 Scuti
821 2798 1054 2859 Hesiod.
1102 2798 1159 2858 in
1206 2798 1342 2858 Ald.
1387 2798 1498 2858 Ed.
1536 2796 1845 2877 adscripta.
1936 2796 2049 2857 Kal
2094 2802 2434 2878 Στησίχορός

337 2906 504 2971 φησιν
553 2892 816 2955 Ἡσιόδου
860 2890 1005 2953 εἶναι
1058 2894 1120 2953 τὸ
1175 2899 1408 2972 ποίημα.
1515 2890 1859 2950 Notandum
1911 2898 2214 2968 praeterea,
2272 2890 2430 2969 quod

337 2982 568 3045 aliunde
608 3004 724 3044 non
761 2984 997 3057 scimus,
1035 2984 1312 3065 cyclicam
1342 2982 1697 3044 Thebaidem
1729 2993 1787 3043 et
1815 2981 2001 3063 priora
2030 2990 2090 3041 et
2119 2980 2433 3061 posteriora

333 3077 626 3139 Thebaica
653 3076 1176 3158 comprehendisse.
1267 3077 1332 3136 Id
1364 3095 1501 3136 sane
1533 3095 1565 3135 e
1593 3075 1849 3137 Pausan.
1882 3074 1922 3135 l.
1952 3094 2005 3134 c.
2037 3073 2348 3153 colligitur.

416 3172 446 3205 ⁴·
490 3168 874 3250 Apollodorus
915 3188 1122 3249 nempe
1158 3168 1197 3230 l.
1242 3189 1295 3229 o.
1336 3168 1673 3249 simpliciter
1716 3167 1925 3227 habet:
1987 3170 2017 3227 ὁ
2052 3166 2159 3249 μὲν
2204 3168 2431 3246 γράψας

333 3270 434 3337 τὴν
461 3262 746 3339 Θηβαΐδα.
833 3262 912 3323 Et
940 3261 1022 3325 sic
1053 3262 1167 3323 fere
1195 3280 1428 3341 quoque
1459 3259 1781 3321 Pausanias
1809 3258 1975 3319 VIII.
2011 3279 2067 3339 p.
2098 3261 2238 3319 650.
2278 3262 2341 3320 ἐν
2370 3258 2428 3319 δὲ

331 3362 396 3437 τῇ
426 3355 691 3432 Θηβαΐδι.

414 3459 450 3520 †
495 3449 738 3507 lncertae
782 3445 1248 3526 aetatis-scriptor
1273 3454 1379 3507 est.
1412 3464 1465 3505 v.
1497 3444 1665 3504 Suid.
1698 3464 1750 3502 v.
1790 3444 2112 3511 Μενέλαος.
2152 3441 2229 3502 cf.
2277 3441 2424 3502 Vos·
2542 3496 2553 3507 ,

333 3541 452 3603 sius
479 3540 554 3601 de
585 3541 733 3601 Poet
763 3540 866 3599 Gr.
901 3538 957 3599 in
991 3538 1260 3617 Append.
1294 3558 1351 3617 p.
1385 3557 1462 3596 m.
1493 3538 1635 3596 227.
1668 3554 1721 3597 a.

414 3642 441 3707 1
485 3634 634 3693 Cum
687 3632 1001 3711 Antagorae
1043 3630 1293 3690 Thebais
1342 3628 1464 3689 aliis
1514 3647 1629 3687 non
1683 3634 1999 3688 memorata
2053 3624 2147 3698 sit,
2205 3635 2428 3685 veretur

335 3724 805 3788 Hemsterhusius
842 3724 917 3785 ad
954 3721 1296 3783 Callimach.
1335 3722 1403 3780 T.
1442 3722 1487 3780 1.
1526 3740 1584 3799 p.
1626 3722 1791 3790 691„
1832 3738 1903 3777 ne
1938 3716 2034 3777 hic
2079 3716 2241 3777 Arati
2289 3720 2420 3778 vitae

331 3821 573 3902 scriptor
609 3808 887 3899 deceptus
924 3813 1256 3877 Antimachi
1289 3811 1587 3873 Thebaida
1630 3812 1703 3871 ad
1740 3811 2094 3888 Antagoram
2137 3810 2425 3869 memoriae

334 3914 469 3973 vitio
506 3911 878 3973 transtulerit.
964 3909 1044 3968 At
1079 3906 1284 3967 eodem
1317 3905 1486 3985 plane
1529 3902 1705 3964 modo
1732 3901 1947 3982 legitur
1977 3901 2031 3960 in
2065 3900 2191 3991 Cel.
2228 3900 2423 3962 lriarte

337 4005 484 4067 Bibl.
537 4004 756 4066 Matrit.
797 4002 986 4063 Codd.
1025 4002 1128 4061 Gr.
1171 4018 1338 4059 macr.
1380 4018 1438 4076 p.
1473 3998 1639 4069 239„
1676 3994 1771 4055 ubi
1801 3995 1969 4055 istam
2000 3993 2171 4053 vitam
2204 3992 2367 4053 Arati
2394 4016 2425 4055 e

328 4101 525 4161 codice
551 4097 872 4176 descripsit.
957 4096 1326 4173 Quamquam
1358 4090 1468 4150 hoc
1500 4088 1735 4149 maximi
1768 4087 1867 4147 viri
1896 4086 2282 4167 suspicionem
2309 4106 2421 4147 non
