3125 5009
1228 341 1448 391 Lvnss.
2299 323 2394 391 95

279 494 416 561 τοῖς
447 486 800 572 ἀριστεῦσιν
842 492 959 567 ἕως
998 491 1303 580 Κόλχων,
1335 498 1433 559 καὶ
1475 502 1614 568 τοῖς
1659 499 1802 579 περὶ
1846 491 2124 571 Μήδειαν
2165 520 2398 577 συμπε-

278 591 586 677 πραχέναι
637 596 726 677 τῷ
788 592 1046 660 Ἰάσονι·
1106 592 1381 679 Ὁμοίως
1435 597 1840 682 Δημάρατος·
1899 593 2273 681 εΗρόὸωρος
2333 594 2400 663 δέ

281 707 449 779 φησι,
466 696 550 777 μὴ
582 696 1111 779 συμπεπλευκέναι
1140 699 1334 764 αὐτὸν
1357 725 1420 763 τε
1450 704 1548 764 καὶ
1574 699 1754 774 τινὰς
1779 697 2047 773 ἄλλους.
2093 696 2398 774 Ἠσίοδος

192 878 196 883 .
280 790 343 860 δὲ
374 797 441 861 ἐν
471 798 559 881 τῷ
590 800 829 874 Κήῒκος
860 801 1043 886 ’γάμῳ
1073 796 1351 885 ἐκβάντα
1385 805 1579 886 φησὶν
1609 801 1804 867 αὐτὸν
1835 801 1924 886 ἐφ’
1955 797 2184 876 ὕδατος
2214 800 2400 877 ζήτη-

282 924 409 977 σιν,
428 907 540 974 τῆς
571 905 953 985 Μαγνησίας
973 902 1145 989 παρὰ
1176 903 1292 978 τὰς
1316 902 1444 969 ἆπὸ
1467 911 1581 978 τῆς
1603 901 1882 989 ἀφέσεως
1911 904 2103 968 αὐτοῦ
2132 904 2398 990 Ἀφέτας

281 996 672 1085 καλουμένας
701 1001 1177 1089 ιἰπολειφθῆναι.
1267 1005 1661 1092 Ἀντίμαχος
1690 1002 1754 1070 δὲ
1793 1007 1860 1070 ἐν
1891 1008 1970 1091 τῇ
2005 1002 2178 1091 Λύὸῃ
2206 1013 2400 1092 φησὶν

282 1097 747 1187 ἐκβιβασθέντα
786 1106 902 1171 τὸν
930 1102 1243 1193 Ἡρακλέα
1272 1104 1371 1173 διὰ
1412 1107 1486 1173 τὸ
1517 1103 2005 1193 καταβαρεῖσθαι
2034 1109 2151 1183 τὴν
2179 1106 2396 1193 Ἀργὼ

288 1204 408 1269 ὑπὸ
456 1208 568 1270 τοῦ
614 1206 848 1292 ἥρωος.
942 1211 1158 1293 Τούτῳ
1211 1214 1309 1275 καὶ
1358 1205 1794 1285 Ποσείδιππος
1847 1212 1885 1273 ὁ
1939 1211 2399 1294 ἐπιγραμματο-

280 1307 534 1392 γρῖιφος
560 1305 952 1385 ἠκολούθησε
984 1315 1081 1376 καὶ
1116 1307 1484 1396 Φερεκύδης.
1524 1308 1816 1396 ’Έφορος
1847 1307 1911 1376 δὲ
1941 1313 2008 1376 ἐν
2038 1314 2118 1397 τῇ
2147 1314 2174 1376 ἐ
2209 1314 2397 1389 (corr.

283 1410 342 1473 ἆ.
376 1429 411 1472 e
442 1406 662 1473 Schol.
694 1410 777 1473 ad
808 1434 864 1474 v.
902 1410 1120 1491 1168.)
1160 1417 1353 1498 φησὶν
1382 1412 1578 1477 αὐτὸν
1620 1414 1920 1487 ἑκουσίως
1949 1410 2400 1498 ἀπολελεῖφθαι

284 1511 452 1596 πρὸς
497 1509 834 1598 Ὀμφάλην
883 1516 1001 1591 τὴν
1050 1510 1279 1580 Λυδῶν
1324 1510 1819 1600 βασιλεύουσαν.
1911 1512 2225 1601 Magnam
2265 1537 2403 1602 my-

282 1610 541 1677 thorum
592 1612 1027 1679 diversitatem
1080 1615 1203 1680 hoc
1255 1613 1473 1681 Schol.
1520 1616 1823 1695 ostendit,
1869 1638 2020 1681 cum
2067 1640 2200 1705 quo
2250 1640 2405 1683 con-

284 1712 527 1779 ferendi
574 1714 861 1802 inprimis
907 1725 1061 1781 sunt
1108 1716 1415 1783 Herodot.
1453 1716 1614 1799 VII,
1666 1719 1837 1797 193„
1884 1718 1997 1782 ubi
2041 1718 2400 1783 Hesiodum

284 1816 601 1909 sequitur,
634 1827 701 1883 et
730 1816 994 1905 Orphic.
1026 1820 1173 1885 654.
1200 1843 1343 1908 sqq.
1389 1820 1587 1908 Apud
1617 1820 1942 1886 Aristotel.
1965 1820 2046 1885 de
2076 1820 2242 1909 Rep.
2274 1821 2401 1901 III,

292 1918 389 1983 13.
430 1941 663 1985 novam
703 1930 767 1985 et
806 1921 963 1987 alibi
992 1922 1102 1987 vix
1150 1923 1403 1987 obviam
1444 1924 1752 1988 rationem
1797 1923 1999 2003 video,
2029 1944 2162 2011 qua
2203 1924 2403 2012 Argo-

286 2032 628 2088 nautarum
670 2046 932 2091 numero
974 2025 1303 2090 Alcmenae
1344 2025 1517 2090 filius
1556 2025 1940 2103 excluditur,
1975 2047 2224 2111 nempe,
2249 2029 2401 2103 τοὺς

292 2124 734 2212 Ἀργοναύτας
774 2128 889 2193 τὸν
917 2125 1230 2213 “Ηρακλέα
1257 2126 1635 2194 καταλιπεῖν·
1686 2128 1762 2194 ού
1793 2128 1920 2214 γὰρ
1949 2124 2180 2193 ἐθέλειν
2207 2129 2404 2195 αὐτὸν

288 2225 467 2313 ἄγειν
505 2230 621 2306 τὴν
661 2229 878 2315 Ἀργὼ
917 2230 1067 2314 μετὰ
1105 2232 1236 2296 τῶν
1278 2227 1525 2310 ἄλλων,
1568 2232 1656 2306 ὡς
1697 2226 2198 2315 ὑπερβάλλοντα
2231 2229 2404 2296 πολὺ

250 2399 255 2404 ,
288 2333 419 2395 τῶν
460 2328 838 2418 πλωτήρων.
930 2329 1102 2412 Jam,
1152 2331 1218 2395 in
1265 2338 1447 2395 tanta
1497 2331 1828 2411 varietate,
1873 2339 2091 2395 nostro
2136 2327 2404 2395 liberum

290 2440 444 2511 erat,
476 2432 781 2497 rationem
828 2431 1058 2521 eligere
1088 2456 1251 2513 eam,
1280 2455 1429 2519 quae
1468 2433 1742 2498 consilio
1783 2455 1900 2496 suo
1937 2432 2213 2496 maxime
2253 2454 2406 2497 con-

293 2534 558 2613 veniret,
586 2543 781 2623 atque
812 2535 956 2613 hoc,
988 2534 1111 2599 nisi
1146 2535 1890 2621 conjectura‘admodum
1921 2533 2126 2615 fallor,
2154 2534 2299 2615 fuit,
2333 2545 2404 2600 ut

296 2634 635 2702 Herculem
666 2634 1007 2724 Omphalae
1050 2638 1424 2702 servientem
1451 2636 1517 2701 in
1550 2658 1806 2701 carmen
1847 2635 2198 2716 induceret,
2229 2638 2401 2723 quod

292 2739 359 2803 in
400 2748 653 2825 tempus
685 2738 1105 2826 Argonautici
1146 2738 1390 2803 itineris
1431 2738 1735 2803 incidisse
1773 2737 2203 2824 prodiderant.
2251 2738 2402 2805 Non

294 2841 599 2906 credibile
626 2841 824 2921 enim,
856 2843 1121 2906 doctum
1162 2853 1415 2928 poetam
1453 2841 1535 2906 de
1566 2840 1748 2929 Lyda
1778 2840 2040 2906 muliere
2078 2841 2403 2907 dicentem

297 2944 664 3033 Omphalen
696 2945 1020 3032 Lydorum
1052 2944 1337 3032 reginam
1382 2944 1652 3031 ejusque
1682 2965 1926 3008 amores
1961 2944 2260 3009 tacuisse.
2337 2942 2404 3009 Si

298 3071 426 3115 non
460 3049 675 3113 minus
702 3047 1113 3135 probabiliter
1139 3047 1242 3134 cuj
1254 3069 1459 3133 usque
1488 3045 1827 3133 fragmenti
1857 3046 2072 3111 sedem
2101 3046 2406 3133 indagare

295 3152 539 3234 liceret,
570 3151 731 3217 bene
775 3160 964 3216 esset.
1054 3150 1249 3216 Ratio
1302 3157 1540 3227 autem,
1580 3170 1694 3213 cur
1736 3146 2046 3213 Hercules
2092 3170 2131 3213 a
2179 3150 2408 3214 ceteris

296 3255 557 3321 relictus
578 3242 797 3334 suerit,
826 3252 1095 3340 repetita
1135 3260 1237 3317 est
1275 3274 1359 3317 ex
1400 3250 1780 3338 antiquioris
1821 3250 1943 3315 aevi
1979 3251 2238 3316 notione
2268 3253 2410 3315 vul-

298 3357 459 3445 gari,
506 3356 587 3421 de
632 3357 895 3421 deorum
942 3354 1229 3441 adeoque
1279 3354 1475 3418 etiam
1522 3352 1786 3417 heroum
1833 3352 2061 3439 majori
2109 3353 2408 3440 pondere,

300 3480 497 3547 quam
526 3457 793 3523 eandem
822 3466 887 3521 et
916 3457 984 3521 in
1015 3451 1299 3521 Homero
1328 3454 1738 3542 agnoscimus
1773 3453 1850 3518 11.
1884 3484 1930 3521 ε.
1965 3455 2110 3519 838.
2143 3477 2242 3542 sq.
2298 3454 2402 3520 Cf.

303 3560 471 3627 Stat.
500 3559 624 3623 Th.
657 3557 741 3638 V,
767 3559 917 3622 401.
966 3556 1561 3644 Amphitryoniades
1581 3577 1854 3641 puppem
1877 3555 2155 3621 alternus
2186 3558 2410 3621 utrim-

304 3685 424 3751 que
451 3663 771 3750 ingravat,
797 3661 1013 3747 ibique
1035 3658 1263 3723 Barth.
1326 3659 1629 3725 Ceterum
1652 3658 1736 3721 ad
1762 3680 1895 3723 rem
1923 3659 2004 3723 cf.
2040 3658 2406 3746 Apollodor.

310 3767 362 3845 l,
393 3767 452 3831 9.
491 3766 591 3830 19.
622 3773 686 3828 et
717 3763 819 3828 Iu.
856 3760 1067 3849 Heyn.
1100 3762 1161 3825 in
1197 3760 1388 3827 Notis
1418 3785 1480 3849 p.
1521 3762 1660 3825 187.
