3125 5009
686 346 784 415 90
1301 362 1736 413 AN'mMAcffl
1779 328 2178 414 nmmum

1460 793 1553 856 ΙΙ.
1644 790 2026 855 ΛΤΔΗ.

1609 1087 1901 1152 XXXV.

1099 1294 1484 1397 Φεύγουτας
1522 1291 1729 1395 ’γαίης
1769 1289 1986 1371 ἔκτοθι
2031 1284 2401 1377 Amr-addae.

698 1524 1264 1587 Panum-mum
1308 1542 1389 1583 ex
1432 1519 1628 1582 altero
1667 1516 1828 1580 libro
1863 1514 2072 1601 Lydes
2113 1514 2272 1578 citat
2299 1510 2520 1599 steph.
2555 1508 2714 1595 Byz.
2744 1508 2811 1571 in

699 1625 956 1713 Fragm.
989 1625 1252 1711 Seguer.
1286 1645 1345 1685 v.
1381 1623 1650 1687 Δώτιον.
1702 1618 1800 1682 De
1836 1617 2049 1696 Dotio,
2077 1614 2426 1679 Thessaliae
2461 1612 2719 1699 oppido,
2749 1620 2814 1675 et

698 1729 977 1815 regione,
1007 1728 1099 1790 ita
1128 1725 1358 1789 Strabo
1391 1720 1513 1786 IX.
1545 1744 1608 1807 p.
1632 1720 1780 1785 442.
1803 1720 2016 1798 (674.)
2079 1716 2196 1785 Ἐν
2227 1722 2314 1802 τῷ
2349 1721 2572 1802 Δωτίῳ
2600 1712 2812 1801 πεδίῳ·

697 1837 886 1896 τοῦτο
918 1826 973 1895 δ’
1011 1834 1137 1895 ἐστὶ
1168 1827 1447 1903 πλήσιον
1475 1834 1588 1901 τῆς
1630 1820 2027 1910 Πεῤῥαιβίας
2059 1827 2153 1886 καὶ
2185 1830 2297 1896 τῆς
2329 1819 2579 1895 ’Όσσης
2609 1823 2706 1884 καὶ
2733 1817 2816 1883 ἔτι

697 1942 810 2009 τῆς
873 1926 1281 2018 Βοιβηΐτιδος
1339 1927 1592 2011 λίμνης,
1652 1930 1719 1992 ἐν
1777 1929 1931 2011 μέσῃ
1981 1928 2095 2008 μέν
2155 1951 2294 1999 πως
2350 1927 2429 2009 τῇ
2489 1919 2815 2005 Θετταλίᾳ.

700 2034 885 2098 Adeo
918 2035 1167 2107 Δωτιᾶς
1197 2041 1347 2117 γαῖα
1386 2030 1557 2094 idem
1599 2028 1736 2106 erit,
1770 2027 1944 2113 quod
1978 2024 2197 2093 πεδίον
2230 2027 2477 2091 Δώτιον
2514 2022 2578 2085 ἰη
2620 2022 2817 2108 Apol-

700 2136 856 2201 lonii
887 2135 1016 2199 Rh.
1045 2156 1256 2213 versu,
1282 2155 1319 2195 a
1351 2130 1572 2217 steph.
1602 2130 1900 2194 adductO.
1990 2128 2140 2193 Jam
2172 2126 2400 2191 Strabo
2431 2126 2642 2191 verbis
2673 2124 2816 2189 istis

588 2314 591 2319 ¹
704 2238 923 2302 statim
968 2235 1233 2322 subjicit
1270 2255 1491 2297 versus
1538 2231 1831 2309 Hesiodi,
1861 2252 2026 2318 quos
2075 2230 2128 2293 si
2172 2216 2548 2316 conjunssas,
2588 2237 2664 2292 ut
2715 2227 2818 2291 Ill.

706 2339 1000 2425 Heynius
1025 2337 1343 2423 sagaciter
1370 2336 1450 2399 ad
1484 2334 1783 2420 Apollod.
1817 2355 1882 2419 p.
1917 2334 2064 2397 695.
2098 2333 2269 2411 fecit,
2301 2354 2448 2396 cum
2483 2332 2610 2396 alio
2648 2332 2821 2419 ejus-

703 2441 850 2506 dem
867 2452 1071 2529 poetae
1090 2441 1469 2527 fragmentO,
1487 2460 1527 2501 a
1552 2434 1818 2501 Pindari
1841 2434 2055 2501 Schol.
2075 2434 2158 2499 ad
2180 2434 2374 2521 Pyth.
2399 2433 2526 2498 ΙΙΙ.
2550 2444 2820 2513 servam,

704 2542 975 2622 videbis,
1020 2540 1403 2607 Coronidem
1459 2538 1746 2603 Hesiodo
1794 2538 1942 2617 dici,
1998 2560 2146 2625 quae
2198 2541 2423 2622 νίψατο
2472 2534 2821 2624 Βοιβιάδος

704 2646 938 2731 λίμνης
964 2643 1151 2723 πόδα,
1183 2648 1405 2730 Δωτίῳ
1444 2646 1511 2708 ἐν
1552 2640 1761 2729 πεδίῳ.
1865 2640 2043 2716 Quin
2073 2641 2140 2704 in
2172 2639 2415 2725 Hymn.
2449 2638 2637 2704 Hom.
2668 2638 2820 2719 XV,

705 2749 769 2827 3,
793 2748 1029 2812 clarius
1079 2745 1533 2831 AEsculapium
1584 2750 1806 2831 Δωτίῳ
1852 2748 1919 2812 ἐν
1962 2741 2152 2831 πεδίῳ
2197 2743 2520 2830 peperisse
2553 2742 2824 2807 Coronis

707 2850 962 2914 dicitur.
1052 2849 1183 2913 Alii
1224 2848 1395 2913 enim
1440 2847 1803 2926 Laceream‚
1832 2846 2277 2911 Thessalicum
2316 2848 2553 2926 locum,
2589 2846 2820 2932 puellae

706 2951 910 3014 fecere
936 2950 1227 3036 patriam,
1251 2959 1325 3014 ut
1351 2949 1539 3012 Pind.
1572 2949 1766 3035 Pyth.
1791 2949 1920 3029 ΙΙΙ,
1937 2950 2064 3029 59.,
2082 2970 2277 3036 quem
2305 2947 2600 3034 sequitur
2628 2947 2826 3035 Apol-

706 3052 835 3116 lon.
863 3051 993 3115 Rh.
1018 3051 1137 3132 1V,
1164 3052 1335 3127 616.,
1355 3053 1470 3138 qui
1492 3052 1675 3116 locus
1700 3060 1910 3115 tamen
1931 3062 1997 3115 et
2021 3051 2157 3137 ipse
2178 3050 2506 3138 proximus
2527 3048 2824 3114 Boebeidi

709 3152 1105 3239 paludifuit.
1196 3154 1299 3215 An
1331 3154 1529 3240 igitur
1559 3153 1626 3215 in
1675 3152 1786 3219 illo
1816 3153 2189 3218 Antimachi
2235 3175 2421 3217 versu
2469 3174 2673 3218 sermo
2702 3153 2828 3219 fuit

708 3255 789 3319 de
822 3256 1054 3341 Ischye
1084 3265 1151 3319 et
1182 3255 1526 3336 Coronide,
1559 3255 1787 3320 horum
1827 3257 2023 3322 nobili
2057 3256 2122 3320 in
2162 3255 2398 3333 fabulis
2429 3256 2692 3320 amore?
2740 3278 2825 3320 an

710 3360 928 3445 potius
956 3359 1039 3423 de
1065 3358 1410 3439 ThessaliS‚
1444 3358 1642 3423 Dotio
1671 3358 1910 3440 relicto,
1938 3360 2005 3422 in
2032 3359 2317 3423 Cnidum
2355 3357 2632 3423 insulam
2671 3358 2822 3423 olim

712 3459 1032 3545 profectis,
1058 3459 1139 3555 de
1172 3460 1413 3546 quibus
1443 3484 1503 3524 v.
1528 3459 1801 3524 Salmas.
1828 3462 1909 3526 ad
1938 3461 2177 3526 Herod.
2209 3459 2405 3525 Rhet.
2434 3458 2729 3545 Inscript.
2757 3482 2823 3547 p.

711 3560 1077 3625 28.—Haec
1118 3562 1383 3649 quidem
1428 3564 1820 3650 conjectura,
1853 3566 1908 3628 si
1944 3565 2078 3628 ulla
2115 3564 2183 3627 in
2226 3564 2464 3629 talibus
2493 3562 2831 3645 hariolatio

711 3675 853 3727 esse
897 3673 1129 3750 potest,
1178 3665 1396 3729 melior
1442 3666 1737 3732 videatur
1783 3666 2004 3752 priore,
2044 3688 2194 3732 cum
2239 3667 2492 3732 illorum
2541 3688 2826 3731 amorum

710 3765 916 3829 tristis
974 3767 1189 3831 exitus
1236 3769 1407 3833 omni
1456 3769 1630 3855 fugae
1677 3770 1862 3835 valde
1914 3768 2831 3835 adversetur.-SCH.—Ste·

713 3866 968 3953 phanus
999 3866 1272 3955 Byzant.
1308 3894 1369 3934 v.
1408 3874 2132 3961 Δώτιον-Ἀντίμαχος
2161 3876 2228 3940 ἐν
2262 3871 2330 3938 Β’
2359 3870 2591 3950 Λύδης·

1168 4026 1533 4108 Φεύγουτας
1566 4026 1784 4111 χώρας
1813 4022 2014 4090 ἔκτοθι
2047 4022 2391 4101 Δωτιᾶὃος.

715 4168 866 4234 Vid.
894 4167 1209 4234 Valcken.
1246 4172 1326 4234 ad
1361 4172 1623 4237 Scholia
1653 4172 1717 4236 in
1745 4172 1966 4260 Eurip.
2003 4174 2327 4239 phoeniss,
2361 4179 2444 4241 52
2470 4200 2660 4265 quem
2689 4200 2829 4242 ver-
