3125 5009
794 319 1263 369 FRAGMENTA
1314 321 1655 371 iNcssn‘rAE
1692 324 1920 373 sEms.
2285 302 2422 372 125

1231 678 1515 742 LXXX.

312 892 575 959 STEPH.
626 895 801 960 BYz.
844 921 904 961 v.
944 899 1214 987 Ἄργος.
1305 902 1680 990 Ἀργεῖωνες
1737 903 2054 995 λέγονται,
2115 906 2203 980 ὡς
2256 902 2425 971 Καὸ-

307 1002 588 1080 μείωνες·
636 1005 733 1065 καὶ
766 1005 1115 1087 Αργειώνη,
1150 1006 1237 1079 ὡς
1268 1001 1676 1091 Ἀντίμαχος.

1216 1367 1531 1433 LXXXI.

314 1591 571 1657 STEPH.
603 1591 757 1679 Byz.
779 1617 837 1657 v.
859 1592 1783 1681 Ὑπερβόρεοι.-Ἀντίμαχος
1805 1598 1957 1671 τοὺς
1977 1596 2209 1671 αὐτούς
2232 1613 2422 1683 φησιν

313 1695 467 1763 εἶναι
512 1705 650 1772 τοῖς
694 1696 1135 1783 Ἀριμασποῖς·
1186 1693 1439 1760 Berkel.
1473 1696 1580 1761 hic
1629 1698 1792 1760 male
1834 1706 2041 1762 tentat
2080 1702 2246 1786 πρὸς
2285 1710 2424 1776 τοῖς

308 1792 746 1884 Ἀριμασιτοῖς,
778 1798 928 1861 licet
966 1808 1257 1861 auctores
1300 1797 1450 1877 sint,
1492 1819 1658 1884 quos
1705 1798 1902 1885 hujus
1944 1800 2280 1864 sententiae
2307 1823 2423 1887 pa-

310 1910 527 1963 tronos
564 1898 875 1963 advocare
918 1898 1217 1985 potuerit.
1310 1897 1433 1963 Sed
1467 1922 1525 1962 v.
1557 1897 1776 1964 Schol.
1812 1899 2004 1965 Pind.
2036 1903 2119 1966 ad
2151 1900 2418 1988 Olymp.

312 2000 441 2077 ΙΙΙ,
472 2000 572 2063 28.
603 2000 714 2064 ubi
756 2002 1042 2088 quinque
1072 2023 1292 2065 versus
1332 2002 1638 2087 leguntur
1672 2001 2007 2065 Pherenici
2045 2011 2278 2089 poetae,
2310 2004 2422 2090 q-ui

310 2102 676 2167 indicantur
730 2103 795 2166 in
854 2104 1025 2167 notis
1086 2103 1154 2168 L.
1218 2103 1556 2167 Holstenii.
1649 2103 1751 2167 De
1812 2103 2246 2190 hyperboreiS‚
2308 2106 2421 2191 qui

311 2206 497 2293 plura
526 2206 860 2284 desideret,
885 2205 1075 2271 adeat
1096 2206 1243 2270 VV.
1274 2204 1429 2269 DD.
1454 2204 1569 2292 qui
1593 2226 1802 2291 nuper
1822 2205 1945 2270 hoe
1971 2215 2422 2293 argumentum
2503 2234 2510 2241 ·

312 2329 549 2395 magna
577 2330 723 2372 cum
751 2307 1041 2372 doctrina
1069 2306 1451 2387 nanterum,
1478 2306 1829 2392 praesertim
1863 2305 2096 2371 Freret.
2120 2306 2322 2372 Mem.
2342 2308 2424 2372 de

310 2410 565 2475 l’Acad.
610 2411 723 2473 des
773 2408 1098 2495 Inscriptt.
1142 2418 1207 2473 et
1249 2408 1325 2473 B.
1373 2408 1440 2471 L.
1472 2408 1545 2471 T.
1593 2406 1856 2471 XVIII.
1897 2422 1962 2494 p.
1999 2409 2140 2472 192.
2181 2417 2245 2473 et
2285 2408 2428 2472 Fis-

314 2510 491 2575 cheri
522 2510 974 2585 Quaestionum
1009 2512 1333 2598 Petqopol.
1366 2512 1448 2575 ab
1480 2510 1582 2572 Ill.
1616 2508 2021 2574 Schloetzero
2049 2509 2202 2574 edit.
2234 2532 2425 2597 quar-

313 2624 466 2693 tam,
496 2613 724 2678 saltem
755 2613 1019 2678 Gesner.
1050 2614 1131 2679 ad
1165 2612 1431 2699 Orphic.
1458 2635 1523 2699 p.
1554 2611 1707 2675 460.
1739 2633 1838 2696 sq.

1192 2966 1546 3031 LXXXlI.

320 3198 687 3263 EUSTATH.
736 3197 817 3259 ad
866 3195 939 3258 Il.
980 3195 1170 3258 Hom.
1202 3192 1279 3281 β.
1312 3196 1373 3258 2.
1467 3199 1546 3261 Οἱ
1588 3192 1651 3261 δὲ
1697 3192 1980 3278 νήδυμον
2024 3194 2230 3260 ὕπνον
2272 3198 2424 3281 φασὶ

317 3304 433 3367 τὸν
472 3298 650 3380 ἡδὺν,
681 3298 1065 3383 πλεονασμῷ
1101 3303 1213 3361 τοῦ
1256 3295 1330 3363 ν’·
1379 3301 1574 3362 καίτοι
1602 3302 1767 3372 τινὲς
1799 3298 1876 3362 οὗ
1915 3293 2272 3381 βούλονται
2303 3308 2432 3380 φω-

320 3407 525 3479 νήεντι
555 3398 953 3485 ὃασυνομένῳ
981 3402 1056 3464 τὸ
1088 3396 1143 3463 ν’
1171 3396 1640 3485 προστίθεσθαι.
1733 3401 1811 3463 Οἱ
1848 3394 1911 3463 δὲ
1953 3396 2213 3462 παλαιοὶ
2257 3398 2430 3481 φασὶ,

320 3508 419 3569 καὶ
452 3498 601 3590 δίχα
628 3508 742 3567 τοῦ
774 3499 830 3566 ν’
873 3496 1257 3586 εὑρίσκεσθαι
1295 3497 1539 3583 ἥδυμον
1579 3498 1752 3585 παρὰ
1792 3506 1930 3572 τοῖς
1963 3498 2100 3580 μεθ’
2120 3493 2432 3580 ’Ὀμηροη

322 3607 412 3680 ὡς
440 3604 609 3691 παρὰ
638 3599 1001 3688 Ἀντιμάχῳ
1030 3605 1127 3666 καὶ
1162 3597 1500 3687 Σιμωνίδῃ.
1594 3599 1844 3685 Nempe
1870 3597 1937 3660 in
1962 3617 2145 3659 versu
2171 3593 2433 3658 Homeri

319 3716 520 3784 erant,
550 3705 662 3793 qui
702 3704 1096 3789 distinguere
1126 3702 1393 3766 mallent
1422 3702 1569 3788 ἔχεν
1609 3697 1873 3784 ἥδυμος,
1899 3698 2091 3775 male,
2123 3695 2266 3781 jam
2298 3717 2435 3758 mo-

318 3817 510 3872 nente
539 3805 905 3871 EustathiO.
996 3802 1074 3867 In
1106 3801 1307 3868 Iliade
1336 3812 1507 3867 certe
1545 3812 1611 3866 et
1640 3800 1938 3887 Odyssea
1981 3819 2229 3883 semper
2257 3816 2436 3881 repe-

321 3909 483 3973 ritur
523 3904 823 3991 νήδυμος,
862 3926 979 3970 nec
1022 3906 1292 3969 alterum
1333 3904 1484 3967 alibi
1528 3903 1713 3968 valde
1754 3901 2212 3987 frequentatur.
2305 3896 2437 3960 Oe-

321 4008 517 4075 currit
559 4009 625 4072 id
665 4016 879 4073 tamen
917 4007 985 4070 in
1028 4004 1271 4092 Hymn.
1313 4004 1380 4067 in
1421 4003 1704 4070 Mercur.
1745 4003 1894 4066 241.
1937 4011 2004 4065 et
2043 4000 2190 4063 448.
2235 4009 2303 4064 et
2345 3998 2431 4062 ibi

318 4110 582 4198 quidem
620 4131 748 4174 non
790 4109 1004 4174 dubie.
1095 4106 1246 4181 Quo
1288 4107 1427 4193 ipso
1468 4116 1710 4171 veteres
1753 4104 1882 4184 isti,
1915 4123 2079 4188 quos
2127 4098 2428 4163 Eustath.
