3125 5009
763 368 1224 418 FRAGMENTA
1268 370 1615 419 1NcER'rAE
1649 371 1887 419 sums,
2239 349 2375 419 119

1165 702 1489 768 LXXIII.

806 978 918 989 -·—
956 931 1060 1011 ὅτι
1101 926 1592 1029 οἷφνειὲστατος
1633 929 1870 1011 ἕσκεν.’

272 1176 531 1241 VERBA
562 1179 834 1243 servavit
864 1176 1167 1245 Eustath.
1194 1180 1275 1243 ad
1310 1201 1443 1243 voe.
1478 1180 1916 1267 ἀνιηρέστερον
1949 1180 2078 1245 Od.
2111 1181 2380 1269 β.19Ο.,

268 1302 537 1367 eamque
567 1282 980 1367 comparativi
1020 1283 1285 1346 formam
1317 1304 1379 1367 p.
1418 1281 1603 1346 1441.
1634 1282 1678 1345 l.
1717 1284 1818 1345 10.
1855 1282 1935 1345 R.
1971 1283 2228 1348 uberius
2267 1309 2380 1350 ex-

268 1383 464 1469 plicat
492 1383 594 1446 his
627 1382 870 1448 verbis:
922 1387 1009 1451 Τὸ
1052 1384 1492 1472 ἀνιηρέστερον
1534 1383 1757 1469 ὤφειλε
1786 1391 1900 1468 μὲν
1941 1386 2094 1452 εἶναι
2125 1386 2382 1473 ἀνιηρό-

269 1514 472 1572 τερον,
494 1490 719 1574 μέτρου
750 1485 813 1553 δὲ
845 1494 1036 1574 χάριν
1066 1488 1229 1553 οὕτω
1261 1485 1561 1552 λαλεῒται·
1611 1488 1699 1562 ὡς
1728 1494 1824 1553 καὶ
1855 1491 1928 1553 τὸ
1960 1487 2376 1577 αἰδοιέστερον

272 1594 370 1671 καὶ
415 1587 611 1653 λοιπὰ
658 1595 931 1665 τοιαῦτα,
978 1592 1045 1655 ἐν
1087 1591 1187 1664 οἷς
1235 1591 1457 1666 καὶτὸ,
1495 1588 1969 1675 ἀμορφέστατος
2017 1594 2182 1674 γυνὴ
2229 1594 2382 1676 παρ’

271 1687 597 1776 ‘Hp036up
624 1693 689 1757 ἐν
720 1688 1189 1777 ἀκριβεστέροις
1220 1689 1658 1778 ἀντιγράφοις·
1747 1690 1877 1769 (An
1920 1690 2112 1755 hodie
2155 1693 2214 1754 in
2251 1693 2381 1756 He-

275 1791 499 1856 rodoto
544 1814 619 1856 ea
656 1791 861 1856 forma
891 1793 1209 1878 vulgetur,
1245 1792 1502 1871 dubito)
1550 1798 1648 1859 καὶ
1690 1796 1762 1860 τὸ
1804 1790 2270 1881 ποδηγέστερον
2319 1800 2382 1863 ἐκ

276 1900 385 1958 τοῦ
430 1891 741 1982 ποδηγὸς,
786 1895 925 1961 ἀντὶ
976 1900 1111 1973 τοῦ,
1159 1892 1714 1981 ὁδηγητικώτερον,
1763 1899 1916 1979 ὅπερ
1971 1900 2037 1962 ἐν
2082 1908 2219 1973 τοῖς
2269 1906 2382 1963 τοῦ

279 1994 518 2063 Σουΐὸα
547 2006 750 2063 κεῖται.
798 2003 887 2076 (V.
913 1996 1091 2060 Tom.
1120 1994 1245 2060 III.
1272 2018 1333 2083 p.
1364 1996 1535 2073 136.)
1594 1997 1943 2072 Πλεονάζει
1974 1995 2037 2063 δὲ
2069 2003 2382 2075 τοιαύταις

272 2108 690 2184 παραγωγαῖς
721 2106 817 2165 καὶ
850 2104 886 2166 ὁ
919 2096 1262 2186 Πίνδαρος.
1329 2102 1406 2164 Οἱ
1440 2097 1501 2165 δὲ
1532 2098 1790 2165 παλαιοὶ
1818 2106 1913 2165 καὶ
1945 2106 2135 2164 ταῦτα
2165 2106 2382 2186 φασὶν.

280 2200 551 2287 Εὕρηται
595 2207 692 2267 καὶ
736 2200 1169 2289 ὃικαιέστερον,
1201 2207 1298 2268 καὶ
1342 2201 1792 2288 ἀκρατέστερον
1835 2205 1897 2267 ἐκ
1935 2208 2048 2266 τοῦ
2089 2201 2379 2288 ἄκρατος.

275 2301 685 2388 (Superlativ.
739 2305 1195 2391 ἆκρατέστατον
1240 2312 1453 2369 exstat
1501 2302 1676 2367 Plut.
1729 2302 1978 2367 Phileb.
2022 2326 2084 2389 p.
2129 2305 2231 2367 73.
2274 2305 2379 2369 ed.

280 2404 561 2469 Fischeri
593 2406 672 2471 V.
707 2406 843 2470 Cel.
923 2408 1336 2537 Ἐπίχαρμος
1365 2403 1429 2472 δὲ
1460 2413 1557 2471 καὶ
1590 2404 2038 2492 ἀλλοιέστερον
2067 2406 2254 2492 λέγει,
2285 2413 2382 2472 καὶ

280 2510 714 2595 ἐπιηρεστέραν
758 2538 855 2574 και
910 2507 1450 2595 ἀναγκαιέστατον
1487 2513 1584 2573 καὶ
1639 2510 2070 2594 ὡραιέστατον.
2164 2511 2389 2583 Στησί-

288 2637 493 2697 χορος
524 2608 608 2689 δὲ,
628 2609 1173 2698 ὑπερθυμέστστον
1196 2608 1472 2698 ἀνδρῶν.
1519 2608 1851 2685 Εκαταιος
1878 2607 1963 2687 δὲ,
1988 2613 2047 2674 οἱ
2073 2607 2390 2675 Βιαντίὃαι

283 2708 512 2797 ἄνδρες
559 2709 1067 2780 σπουδαιέστατοι
1107 2716 1421 2798 ἐγένοντο.
1519 2690 1640 2777 Καὶ
1679 2708 2035 2796 Ηρόδοτος
2073 2712 2149 2776 τὰ
2192 2738 2389 2775 σπου-

280 2811 603 2880 δαιέστατα
630 2820 759 2882 τῶν
787 2817 1177 2902 πραγμάτων
1207 2814 1311 2892 (L.
1341 2814 1392 2877 l.
1424 2836 1478 2878 c.
1513 2814 1574 2877 8.
1666 2816 2062 2899 Δημόκριτος
2092 2810 2209 2878 δὲ’
2186 2840 2388 2889 επιτη-

279 2912 628 2982 &zio-ravon
657 2922 831 3002 φησὶ,
863 2921 959 2982 καὶ
998 2914 1419 3003 Δεινόλοχος,
1449 2919 1945 3003 γενναιέστατον.
1997 2913 2389 2999 Ἀντίμαχος

279 3014 367 3097 δὲ,
401 3021 495 3084 ὅτι
526 3018 963 3104 ἀφνειέστατος
993 3018 1187 3084 ἔσκεν.
1260 3017 1546 3094 Εὔπολις
1578 3014 1642 3084 δὲ
1671 3015 1866 3082 πόλιν
1895 3012 2388 3100 θεοφιλεστάτην

277 3123 583 3197 οἰκοῦσιν,
614 3118 1087 3204 ἀφθονεστάτην
1116 3149 1181 3185 τε
1214 3124 1512 3208 χρήμασι.
1588 3117 1933 3205 Πίνδαρος,
1967 3118 2390 3202 ἀπονέστερον

278 3220 573 3308 (Olymp.
609 3222 697 3287 Il.
730 3232 883 3304 111.).
980 3223 1287 3299 Σέλευκος
1316 3221 1379 3290 δὲ
1408 3221 1539 3309 παῤ
1569 3221 1824 3307 τΟμήρῳ
1855 3224 2005 3305 φησὶ
2034 3221 2150 3295 τὴν
2179 3218 2392 3304 Ἀρισ-

277 3328 616 3412 τοφάνειον
661 3329 916 3411 γραφὴν
964 3327 1155 3412 ἔχειν,
1199 3322 1483 3411 Ἀτρείδη
1532 3322 1798 3402 κύδιστε,
1847 3321 2391 3408 φιλοκτεανέστατε

278 3430 561 3494 πάντων.
652 3427 757 3508 (Il.
791 3458 829 3493 a
890 3428 1063 3507 122.)
1152 3425 1381 3513 Hujus*
1419 3424 1694 3489 universi
1735 3424 1854 3488 loci
1897 3420 2389 3506 descriptionem

278 3529 390 3593 hic
421 3551 549 3593 non
582 3551 748 3615 aegre
784 3528 1026 3593 laturos
1069 3528 1351 3615 aequales
1390 3549 1599 3613 spem,
1629 3547 1780 3590 cum
1819 3544 2022 3611 eoque
2065 3521 2392 3585 conferant

278 3644 525 3698 ceteros
556 3655 595 3697 a
628 3631 931 3697 Piersono
963 3629 1337 3695 laudatosad
1390 3627 1652 3693 Moerid.
1687 3649 1750 3712 p.
1779 3626 1881 3689 25.
1975 3623 2254 3687 Homero
2296 3646 2391 3686 re-

280 3737 541 3823 gulares
570 3735 789 3799 formae
820 3735 887 3797 In
916 3757 1036 3798 usu
1068 3742 1240 3811 Sunt,
1266 3732 1668 3817 ἀφνειότερος
1693 3727 1821 3791 Od.
1853 3757 1912 3793 α.
1949 3725 2112 3801 165.,
2145 3724 2394 3812 ἀφνειό-

283 3867 477 3913 τατος
510 3838 583 3901 ll.
618 3867 674 3903 υ.
706 3837 852 3901 220.
