<?xml version="1.0" encoding="UTF-8"?>
<!DOCTYPE html PUBLIC "-//W3C//DTD XHTML 1.0 Transitional//EN"
    "http://www.w3.org/TR/xhtml1/DTD/xhtml1-transitional.dtd">
<html xmlns="http://www.w3.org/1999/xhtml" xml:lang="en" lang="en">
 <head>
  <title>
</title>
<meta http-equiv="Content-Type" content="text/html;charset=utf-8" />
  <meta name='ocr-system' content='tesseract 3.04.00' />
  <meta name='ocr-capabilities' content='ocr_page ocr_carea ocr_par ocr_line ocrx_word'/>
</head>
<body>
  <div class='ocr_page' id='page_1' title='image "antimachicoloph00wolfgoog_0117.png"; bbox 0 0 3125 5009; ppageno 0'>
   <div class='ocr_carea' id='block_1_1' title="bbox 780 270 2469 346">
    <p class='ocr_par' dir='ltr' id='par_1_1' title="bbox 780 270 2469 346">
     <span class='ocr_line' id='line_1_1' title="bbox 780 270 2469 346; baseline -0.002 -9"><span class='ocrx_word' id='word_1_1' title='bbox 780 270 912 339; x_wconf 88' lang='grc'><strong>104</strong></span> <span class='ocrx_word' id='word_1_2' title='bbox 1383 286 1826 337; x_wconf 71' lang='grc' dir='ltr'>ΑΝΤιΜΑοΗι</span> <span class='ocrx_word' id='word_1_3' title='bbox 1873 286 2279 341; x_wconf 60' lang='lat' dir='ltr'><strong>ammaum.</strong></span> <span class='ocrx_word' id='word_1_4' title='bbox 2351 300 2358 309; x_wconf 90' lang='lat'><strong>·</strong></span> <span class='ocrx_word' id='word_1_5' title='bbox 2452 329 2469 346; x_wconf 77' lang='grc'><strong>,</strong></span> 
     </span>
    </p>
   </div>
   <div class='ocr_carea' id='block_1_2' title="bbox 754 429 2885 832">
    <p class='ocr_par' dir='ltr' id='par_1_2' title="bbox 754 429 2885 832">
     <span class='ocr_line' id='line_1_2' title="bbox 758 429 2882 522; baseline -0.005 -21"><span class='ocrx_word' id='word_1_6' title='bbox 758 436 889 501; x_wconf 89' lang='lat' dir='ltr'><strong>Sed</strong></span> <span class='ocrx_word' id='word_1_7' title='bbox 938 445 1010 500; x_wconf 91' lang='lat' dir='ltr'><strong>ut</strong></span> <span class='ocrx_word' id='word_1_8' title='bbox 1058 444 1347 501; x_wconf 85' lang='lat' dir='ltr'><strong>nostrum</strong></span> <span class='ocrx_word' id='word_1_9' title='bbox 1398 436 1762 515; x_wconf 80' lang='lat' dir='ltr'><strong>defendam,</strong></span> <span class='ocrx_word' id='word_1_10' title='bbox 1809 458 1954 503; x_wconf 87' lang='lat' dir='ltr'><strong>eum</strong></span> <span class='ocrx_word' id='word_1_11' title='bbox 2009 434 2102 499; x_wconf 91' lang='lat' dir='ltr'><strong>sic</strong></span> <span class='ocrx_word' id='word_1_12' title='bbox 2152 433 2329 522; x_wconf 90' lang='lat' dir='ltr'><strong>loqui</strong></span> <span class='ocrx_word' id='word_1_13' title='bbox 2379 429 2664 519; x_wconf 87' lang='lat' dir='ltr'><strong>potuisse</strong></span> <span class='ocrx_word' id='word_1_14' title='bbox 2705 435 2882 513; x_wconf 91' lang='lat' dir='ltr'><strong>puto,</strong></span> 
     </span>
     <span class='ocr_line' id='line_1_3' title="bbox 754 530 2884 626; baseline -0.005 -22"><span class='ocrx_word' id='word_1_15' title='bbox 754 540 949 604; x_wconf 90' lang='lat' dir='ltr'><strong>etiam</strong></span> <span class='ocrx_word' id='word_1_16' title='bbox 981 538 1035 603; x_wconf 89' lang='lat' dir='ltr'><strong>si</strong></span> <span class='ocrx_word' id='word_1_17' title='bbox 1063 538 1283 605; x_wconf 87' lang='lat' dir='ltr'><strong>nullus</strong></span> <span class='ocrx_word' id='word_1_18' title='bbox 1314 560 1604 626; x_wconf 87' lang='lat' dir='ltr'><strong>unquam</strong></span> <span class='ocrx_word' id='word_1_19' title='bbox 1635 536 1958 603; x_wconf 81' lang='lat' dir='ltr'>Homerus</span> <span class='ocrx_word' id='word_1_20' title='bbox 1996 536 2243 615; x_wconf 82' lang='lat' dir='ltr'><strong>fuisset,</strong></span> <span class='ocrx_word' id='word_1_21' title='bbox 2274 546 2340 600; x_wconf 90' lang='lat' dir='ltr'><strong>et</strong></span> <span class='ocrx_word' id='word_1_22' title='bbox 2367 532 2698 599; x_wconf 85' lang='lat' dir='ltr'><strong>referenda</strong></span> <span class='ocrx_word' id='word_1_23' title='bbox 2726 530 2884 595; x_wconf 78' lang='lat' dir='ltr'><strong>talia</strong></span> 
     </span>
     <span class='ocr_line' id='line_1_4' title="bbox 757 636 2885 729; baseline -0.004 -22"><span class='ocrx_word' id='word_1_24' title='bbox 757 641 1031 707; x_wconf 83' lang='lat' dir='ltr'><strong>dixerim</strong></span> <span class='ocrx_word' id='word_1_25' title='bbox 1062 641 1144 706; x_wconf 88' lang='lat' dir='ltr'><strong>ad</strong></span> <span class='ocrx_word' id='word_1_26' title='bbox 1174 641 1709 729; x_wconf 76' lang='lat' dir='ltr'><strong>conspirationem</strong></span> <span class='ocrx_word' id='word_1_27' title='bbox 1751 640 2032 728; x_wconf 89' lang='lat' dir='ltr'><strong>plurium</strong></span> <span class='ocrx_word' id='word_1_28' title='bbox 2065 640 2232 705; x_wconf 90' lang='lat' dir='ltr'><strong>idem</strong></span> <span class='ocrx_word' id='word_1_29' title='bbox 2273 636 2728 725; x_wconf 80' lang='lat' dir='ltr'><strong>proferentium</strong></span> <span class='ocrx_word' id='word_1_30' title='bbox 2757 636 2885 699; x_wconf 87' lang='lat' dir='ltr'><strong>for-</strong></span> 
     </span>
     <span class='ocr_line' id='line_1_5' title="bbox 758 737 2883 832; baseline -0.004 -24"><span class='ocrx_word' id='word_1_31' title='bbox 758 745 1009 823; x_wconf 87' lang='lat' dir='ltr'><strong>tuitam,</strong></span> <span class='ocrx_word' id='word_1_32' title='bbox 1035 745 1118 810; x_wconf 92' lang='lat' dir='ltr'><strong>de</strong></span> <span class='ocrx_word' id='word_1_33' title='bbox 1146 766 1277 832; x_wconf 86' lang='lat' dir='ltr'><strong>qua</strong></span> <span class='ocrx_word' id='word_1_34' title='bbox 1304 742 1604 808; x_wconf 86' lang='lat' dir='ltr'><strong>Aretidas</strong></span> <span class='ocrx_word' id='word_1_35' title='bbox 1647 743 1972 830; x_wconf 90' lang='lat' dir='ltr'><strong>proprium</strong></span> <span class='ocrx_word' id='word_1_36' title='bbox 2014 742 2299 807; x_wconf 89' lang='lat' dir='ltr'><strong>libellum</strong></span> <span class='ocrx_word' id='word_1_37' title='bbox 2331 740 2696 826; x_wconf 81' lang='lat' dir='ltr'><strong>scripserat,</strong></span> <span class='ocrx_word' id='word_1_38' title='bbox 2723 737 2883 803; x_wconf 87' lang='lat' dir='ltr'><strong>cita.-</strong></span> 
     </span>
    </p>
   </div>
   <div class='ocr_carea' id='block_1_3' title="bbox 758 843 1872 934">
    <p class='ocr_par' dir='ltr' id='par_1_3' title="bbox 758 843 1872 934">
     <span class='ocr_line' id='line_1_6' title="bbox 758 843 1872 934; baseline -0.003 -23"><span class='ocrx_word' id='word_1_39' title='bbox 758 856 897 912; x_wconf 90' lang='lat' dir='ltr'><strong>tum</strong></span> <span class='ocrx_word' id='word_1_40' title='bbox 930 846 1294 934; x_wconf 86' lang='lat' dir='ltr'><strong>Porphyrio</strong></span> <span class='ocrx_word' id='word_1_41' title='bbox 1323 844 1478 910; x_wconf 89' lang='lat' dir='ltr'><strong>ibid.</strong></span> <span class='ocrx_word' id='word_1_42' title='bbox 1508 868 1574 933; x_wconf 91' lang='lat' dir='ltr'><strong>p.</strong></span> <span class='ocrx_word' id='word_1_43' title='bbox 1607 845 1752 909; x_wconf 89' lang='grc'><strong>497.</strong></span> <span class='ocrx_word' id='word_1_44' title='bbox 1787 843 1872 908; x_wconf 91' lang='lat' dir='ltr'><strong>D.</strong></span> 
     </span>
    </p>
   </div>
   <div class='ocr_carea' id='block_1_4' title="bbox 1753 1201 1887 1267">
    <p class='ocr_par' dir='ltr' id='par_1_4' title="bbox 1753 1201 1887 1267">
     <span class='ocr_line' id='line_1_7' title="bbox 1753 1201 1887 1267; baseline 0.007 -2"><span class='ocrx_word' id='word_1_45' title='bbox 1753 1201 1887 1267; x_wconf 92' lang='lat' dir='ltr'><strong>LV.</strong></span> 
     </span>
    </p>
   </div>
   <div class='ocr_carea' id='block_1_5' title="bbox 1021 1416 2600 1537">
    <p class='ocr_par' dir='ltr' id='par_1_5' title="bbox 1021 1416 2600 1537">
     <span class='ocr_line' id='line_1_8' title="bbox 1021 1416 2600 1537; baseline -0.004 -36"><span class='ocrx_word' id='word_1_46' title='bbox 1021 1437 1255 1502; x_wconf 65' lang='lat' dir='ltr'><strong>Toto-av</strong></span> <span class='ocrx_word' id='word_1_47' title='bbox 1299 1418 1361 1500; x_wconf 69' lang='grc' dir='ltr'><strong>δ’</strong></span> <span class='ocrx_word' id='word_1_48' title='bbox 1402 1419 1692 1515; x_wconf 72' lang='grc' dir='ltr'>ὑλήεντα</span> <span class='ocrx_word' id='word_1_49' title='bbox 1732 1417 1844 1500; x_wconf 63' lang='grc' dir='ltr'><strong>3ιοῖ</strong></span> <span class='ocrx_word' id='word_1_50' title='bbox 1883 1418 2091 1501; x_wconf 72' lang='grc' dir='ltr'>πλόον</span> <span class='ocrx_word' id='word_1_51' title='bbox 2135 1416 2600 1537; x_wconf 59' lang='grc' dir='ltr'><strong>ἐρχομένοιο-ιν.</strong></span> 
     </span>
    </p>
   </div>
   <div class='ocr_carea' id='block_1_6' title="bbox 734 1650 2880 4101">
    <p class='ocr_par' dir='ltr' id='par_1_6' title="bbox 734 1650 2880 4101">
     <span class='ocr_line' id='line_1_9' title="bbox 756 1650 2876 1734; baseline -0 -16"><span class='ocrx_word' id='word_1_52' title='bbox 756 1653 1225 1719; x_wconf 58' lang='lat' dir='ltr'><strong>Nimim-riom</strong></span> <span class='ocrx_word' id='word_1_53' title='bbox 1259 1677 1394 1719; x_wconf 86' lang='lat' dir='ltr'><strong>suae</strong></span> <span class='ocrx_word' id='word_1_54' title='bbox 1436 1654 1714 1719; x_wconf 86' lang='lat' dir='ltr'><strong>intexuit</strong></span> <span class='ocrx_word' id='word_1_55' title='bbox 1743 1675 1996 1719; x_wconf 87' lang='lat' dir='ltr'><strong>versum</strong></span> <span class='ocrx_word' id='word_1_56' title='bbox 2029 1654 2294 1718; x_wconf 88' lang='lat' dir='ltr'><strong>Lucian.</strong></span> <span class='ocrx_word' id='word_1_57' title='bbox 2386 1651 2538 1717; x_wconf 87' lang='lat' dir='ltr'><strong>Ver.</strong></span> <span class='ocrx_word' id='word_1_58' title='bbox 2573 1650 2744 1717; x_wconf 88' lang='lat' dir='ltr'><strong>Hist.</strong></span> <span class='ocrx_word' id='word_1_59' title='bbox 2780 1652 2876 1734; x_wconf 90' lang='lat'><strong>11,</strong></span> 
     </span>
     <span class='ocr_line' id='line_1_10' title="bbox 750 1754 2875 1846; baseline 0 -25"><span class='ocrx_word' id='word_1_60' title='bbox 750 1758 859 1823; x_wconf 88' lang='lat'><strong>42.</strong></span> <span class='ocrx_word' id='word_1_61' title='bbox 891 1756 968 1821; x_wconf 91' lang='lat' dir='ltr'><strong>T.</strong></span> <span class='ocrx_word' id='word_1_62' title='bbox 1005 1755 1098 1820; x_wconf 91' lang='lat' dir='ltr'><strong>Il.</strong></span> <span class='ocrx_word' id='word_1_63' title='bbox 1126 1778 1191 1843; x_wconf 87' lang='lat' dir='ltr'><strong>p.</strong></span> <span class='ocrx_word' id='word_1_64' title='bbox 1231 1756 1399 1837; x_wconf 70' lang='lat'>1:36„</span> <span class='ocrx_word' id='word_1_65' title='bbox 1432 1767 1499 1821; x_wconf 92' lang='lat' dir='ltr'><strong>et</strong></span> <span class='ocrx_word' id='word_1_66' title='bbox 1538 1756 1753 1846; x_wconf 87' lang='lat' dir='ltr'><strong>ipsum</strong></span> <span class='ocrx_word' id='word_1_67' title='bbox 1782 1778 1891 1842; x_wconf 91' lang='lat' dir='ltr'><strong>per</strong></span> <span class='ocrx_word' id='word_1_68' title='bbox 1931 1778 1998 1821; x_wconf 89' lang='lat' dir='ltr'><strong>se</strong></span> <span class='ocrx_word' id='word_1_69' title='bbox 2041 1756 2196 1820; x_wconf 86' lang='lat' dir='ltr'><strong>satis</strong></span> <span class='ocrx_word' id='word_1_70' title='bbox 2227 1756 2596 1834; x_wconf 87' lang='lat' dir='ltr'><strong>obscurum,</strong></span> <span class='ocrx_word' id='word_1_71' title='bbox 2623 1765 2689 1820; x_wconf 91' lang='lat' dir='ltr'><strong>et</strong></span> <span class='ocrx_word' id='word_1_72' title='bbox 2718 1754 2875 1821; x_wconf 89' lang='lat' dir='ltr'><strong>hinc</strong></span> 
     </span>
     <span class='ocr_line' id='line_1_11' title="bbox 754 1857 2879 1945; baseline 0 -23"><span class='ocrx_word' id='word_1_73' title='bbox 754 1858 1019 1924; x_wconf 83' lang='lat' dir='ltr'><strong>Luciani</strong></span> <span class='ocrx_word' id='word_1_74' title='bbox 1044 1858 1220 1923; x_wconf 90' lang='lat' dir='ltr'><strong>dicta</strong></span> <span class='ocrx_word' id='word_1_75' title='bbox 1236 1881 1365 1923; x_wconf 89' lang='lat' dir='ltr'><strong>non</strong></span> <span class='ocrx_word' id='word_1_76' title='bbox 1386 1859 1599 1923; x_wconf 89' lang='lat' dir='ltr'><strong>minus</strong></span> <span class='ocrx_word' id='word_1_77' title='bbox 1621 1858 2099 1945; x_wconf 85' lang='lat' dir='ltr'><strong>impedientem.</strong></span> <span class='ocrx_word' id='word_1_78' title='bbox 2148 1857 2422 1944; x_wconf 87' lang='lat' dir='ltr'><strong>Utrique</strong></span> <span class='ocrx_word' id='word_1_79' title='bbox 2447 1857 2879 1937; x_wconf 89' lang='lat' dir='ltr'><strong>incommod0‚</strong></span> 
     </span>
     <span class='ocr_line' id='line_1_12' title="bbox 750 1959 2872 2049; baseline 0 -24"><span class='ocrx_word' id='word_1_80' title='bbox 750 1961 922 2049; x_wconf 88' lang='lat' dir='ltr'><strong>quod</strong></span> <span class='ocrx_word' id='word_1_81' title='bbox 954 1960 1068 2025; x_wconf 90' lang='lat' dir='ltr'><strong>diu</strong></span> <span class='ocrx_word' id='word_1_82' title='bbox 1099 1961 1184 2025; x_wconf 92' lang='lat' dir='ltr'><strong>ibi</strong></span> <span class='ocrx_word' id='word_1_83' title='bbox 1218 1962 1410 2041; x_wconf 86' lang='lat' dir='ltr'><strong>sensi,</strong></span> <span class='ocrx_word' id='word_1_84' title='bbox 1434 1960 1688 2048; x_wconf 85' lang='lat' dir='ltr'><strong>egregie</strong></span> <span class='ocrx_word' id='word_1_85' title='bbox 1718 1962 2004 2025; x_wconf 89' lang='lat' dir='ltr'><strong>medetur</strong></span> <span class='ocrx_word' id='word_1_86' title='bbox 2031 1962 2210 2025; x_wconf 89' lang='lat' dir='ltr'><strong>locus</strong></span> <span class='ocrx_word' id='word_1_87' title='bbox 2235 1959 2450 2025; x_wconf 87' lang='lat' dir='ltr'><strong>Schol.</strong></span> <span class='ocrx_word' id='word_1_88' title='bbox 2482 1959 2760 2025; x_wconf 86' lang='lat' dir='ltr'><strong>Nicand.</strong></span> <span class='ocrx_word' id='word_1_89' title='bbox 2789 1961 2872 2025; x_wconf 85' lang='lat' dir='ltr'><strong>ad</strong></span> 
     </span>
     <span class='ocr_line' id='line_1_13' title="bbox 747 2062 2876 2151; baseline -0.001 -22"><span class='ocrx_word' id='word_1_90' title='bbox 747 2064 937 2131; x_wconf 89' lang='lat' dir='ltr'><strong>Ther.</strong></span> <span class='ocrx_word' id='word_1_91' title='bbox 968 2088 1030 2129; x_wconf 87' lang='lat' dir='ltr'><strong>v.</strong></span> <span class='ocrx_word' id='word_1_92' title='bbox 1062 2066 1210 2131; x_wconf 86' lang='lat'><strong>295.</strong></span> <span class='ocrx_word' id='word_1_93' title='bbox 1246 2087 1306 2151; x_wconf 90' lang='lat' dir='ltr'><strong>p.</strong></span> <span class='ocrx_word' id='word_1_94' title='bbox 1338 2066 1468 2144; x_wconf 70' lang='lat'><strong>20„</strong></span> <span class='ocrx_word' id='word_1_95' title='bbox 1501 2065 1613 2129; x_wconf 92' lang='lat' dir='ltr'><strong>ubi</strong></span> <span class='ocrx_word' id='word_1_96' title='bbox 1654 2073 1844 2151; x_wconf 85' lang='lat' dir='ltr'><strong>poeta</strong></span> <span class='ocrx_word' id='word_1_97' title='bbox 1883 2064 2084 2129; x_wconf 87' lang='lat' dir='ltr'><strong>civem</strong></span> <span class='ocrx_word' id='word_1_98' title='bbox 2129 2086 2321 2128; x_wconf 90' lang='lat' dir='ltr'><strong>suum</strong></span> <span class='ocrx_word' id='word_1_99' title='bbox 2362 2063 2523 2131; x_wconf 84' lang='lat' dir='ltr'><strong>forte</strong></span> <span class='ocrx_word' id='word_1_100' title='bbox 2563 2062 2876 2144; x_wconf 74' lang='lat' dir='ltr'><strong>imitatuS,</strong></span> 
     </span>
     <span class='ocr_line' id='line_1_14' title="bbox 748 2163 2878 2253; baseline 0.001 -22"><span class='ocrx_word' id='word_1_101' title='bbox 748 2166 915 2232; x_wconf 82' lang='lat' dir='ltr'><strong>dixit</strong></span> <span class='ocrx_word' id='word_1_102' title='bbox 942 2166 1023 2231; x_wconf 86' lang='lat' dir='ltr'><strong>de</strong></span> <span class='ocrx_word' id='word_1_103' title='bbox 1051 2174 1345 2252; x_wconf 79' lang='lat' dir='ltr'><strong>serpente</strong></span> <span class='ocrx_word' id='word_1_104' title='bbox 1370 2189 1386 2229; x_wconf 91' lang='lat'><strong>:</strong></span> <span class='ocrx_word' id='word_1_105' title='bbox 1438 2170 1633 2234; x_wconf 81' lang='grc' dir='ltr'>Βαιὸυ</span> <span class='ocrx_word' id='word_1_106' title='bbox 1651 2166 1864 2233; x_wconf 86' lang='grc' dir='ltr'>πλόον</span> <span class='ocrx_word' id='word_1_107' title='bbox 1882 2170 2014 2233; x_wconf 75' lang='grc' dir='ltr'><strong>αἰὲν</strong></span> <span class='ocrx_word' id='word_1_108' title='bbox 2035 2164 2298 2245; x_wconf 78' lang='grc' dir='ltr'>ὀκέλλει,</span> <span class='ocrx_word' id='word_1_109' title='bbox 2315 2169 2466 2253; x_wconf 76' lang='grc' dir='ltr'><strong>γαίῃ</strong></span> <span class='ocrx_word' id='word_1_110' title='bbox 2488 2163 2878 2253; x_wconf 80' lang='grc' dir='ltr'>ὑποθλίβων</span> 
     </span>
     <span class='ocr_line' id='line_1_15' title="bbox 748 2265 2876 2354; baseline -0.001 -17"><span class='ocrx_word' id='word_1_111' title='bbox 748 2266 967 2347; x_wconf 74' lang='grc' dir='ltr'><strong>νηδύν.</strong></span> <span class='ocrx_word' id='word_1_112' title='bbox 1058 2266 1370 2354; x_wconf 90' lang='lat' dir='ltr'><strong>Subjecta</strong></span> <span class='ocrx_word' id='word_1_113' title='bbox 1410 2267 1517 2333; x_wconf 87' lang='lat' dir='ltr'><strong>hic</strong></span> <span class='ocrx_word' id='word_1_114' title='bbox 1564 2278 1664 2333; x_wconf 86' lang='lat' dir='ltr'><strong>est</strong></span> <span class='ocrx_word' id='word_1_115' title='bbox 1702 2269 2058 2333; x_wconf 80' lang='lat' dir='ltr'><strong>enarratio:</strong></span> <span class='ocrx_word' id='word_1_116' title='bbox 2112 2268 2360 2334; x_wconf 85' lang='grc' dir='ltr'>Πλόον·</span> <span class='ocrx_word' id='word_1_117' title='bbox 2405 2274 2522 2335; x_wconf 81' lang='grc' dir='ltr'><strong>νῦν</strong></span> <span class='ocrx_word' id='word_1_118' title='bbox 2556 2270 2671 2345; x_wconf 79' lang='grc' dir='ltr'><strong>τὴν</strong></span> <span class='ocrx_word' id='word_1_119' title='bbox 2714 2265 2876 2335; x_wconf 81' lang='grc' dir='ltr'><strong>ὁδὸν</strong></span> 
     </span>
     <span class='ocr_line' id='line_1_16' title="bbox 745 2370 2879 2460; baseline -0.001 -23"><span class='ocrx_word' id='word_1_120' title='bbox 745 2373 865 2447; x_wconf 81' lang='grc' dir='ltr'><strong>τὴν</strong></span> <span class='ocrx_word' id='word_1_121' title='bbox 911 2370 1130 2449; x_wconf 74' lang='grc' dir='ltr'><em>πεζὴν,</em></span> <span class='ocrx_word' id='word_1_122' title='bbox 1177 2374 1294 2449; x_wconf 83' lang='grc' dir='ltr'><strong>τὴν</strong></span> <span class='ocrx_word' id='word_1_123' title='bbox 1338 2376 1618 2460; x_wconf 79' lang='grc' dir='ltr'><strong><em>πορείαν.</em></strong></span> <span class='ocrx_word' id='word_1_124' title='bbox 1712 2370 1895 2438; x_wconf 73' lang='grc' dir='ltr'>Οὕτω</span> <span class='ocrx_word' id='word_1_125' title='bbox 1941 2372 2070 2459; x_wconf 78' lang='grc' dir='ltr'><strong>γὰρ</strong></span> <span class='ocrx_word' id='word_1_126' title='bbox 2127 2377 2225 2438; x_wconf 80' lang='grc' dir='ltr'><strong>καὶ</strong></span> <span class='ocrx_word' id='word_1_127' title='bbox 2276 2371 2667 2458; x_wconf 80' lang='grc' dir='ltr'>Ἀντίμαχος</span> <span class='ocrx_word' id='word_1_128' title='bbox 2725 2370 2879 2437; x_wconf 80' lang='grc' dir='ltr'>εἶπε·</span> 
     </span>
     <span class='ocr_line' id='line_1_17' title="bbox 748 2469 2879 2561; baseline 0.001 -24"><span class='ocrx_word' id='word_1_129' title='bbox 748 2478 929 2538; x_wconf 87' lang='grc' dir='ltr'>Τοῖσι</span> <span class='ocrx_word' id='word_1_130' title='bbox 960 2470 1018 2539; x_wconf 74' lang='grc' dir='ltr'><strong>δ’</strong></span> <span class='ocrx_word' id='word_1_131' title='bbox 1047 2473 1151 2540; x_wconf 75' lang='grc' dir='ltr'><strong>ἄν’</strong></span> <span class='ocrx_word' id='word_1_132' title='bbox 1181 2472 1453 2549; x_wconf 77' lang='grc' dir='ltr'>ὑλήεντα</span> <span class='ocrx_word' id='word_1_133' title='bbox 1483 2471 1539 2540; x_wconf 76' lang='grc' dir='ltr'><strong>ὃ.</strong></span> <span class='ocrx_word' id='word_1_134' title='bbox 1572 2503 1638 2541; x_wconf 86' lang='grc' dir='ltr'><strong>π.</strong></span> <span class='ocrx_word' id='word_1_135' title='bbox 1672 2502 1716 2539; x_wconf 80' lang='grc' dir='ltr'><strong>ε.</strong></span> <span class='ocrx_word' id='word_1_136' title='bbox 1805 2472 1926 2550; x_wconf 67' lang='grc' dir='ltr'><strong>Ὠς</strong></span> <span class='ocrx_word' id='word_1_137' title='bbox 1966 2470 2030 2540; x_wconf 74' lang='grc' dir='ltr'><strong>δὲ</strong></span> <span class='ocrx_word' id='word_1_138' title='bbox 2061 2481 2160 2539; x_wconf 80' lang='grc' dir='ltr'><strong>καὶ</strong></span> <span class='ocrx_word' id='word_1_139' title='bbox 2188 2469 2655 2560; x_wconf 75' lang='grc' dir='ltr'>Ἀριστοφάνης</span> <span class='ocrx_word' id='word_1_140' title='bbox 2685 2476 2751 2539; x_wconf 83' lang='grc' dir='ltr'><strong>ἐν</strong></span> <span class='ocrx_word' id='word_1_141' title='bbox 2785 2477 2879 2561; x_wconf 66' lang='grc' dir='ltr'><strong>τῷ</strong></span> 
     </span>
     <span class='ocr_line' id='line_1_18' title="bbox 750 2576 2872 2663; baseline 0.001 -23"><span class='ocrx_word' id='word_1_142' title='bbox 750 2579 927 2662; x_wconf 74' lang='grc' dir='ltr'>Γήρᾳ</span> <span class='ocrx_word' id='word_1_143' title='bbox 973 2576 1341 2663; x_wconf 84' lang='lat' dir='ltr'><strong>(deperdita</strong></span> <span class='ocrx_word' id='word_1_144' title='bbox 1384 2576 1752 2655; x_wconf 87' lang='lat' dir='ltr'><strong>comoedia),</strong></span> <span class='ocrx_word' id='word_1_145' title='bbox 1801 2586 2068 2663; x_wconf 76' lang='grc' dir='ltr'><strong><em>γυναῖκα</em></strong></span> <span class='ocrx_word' id='word_1_146' title='bbox 2117 2580 2391 2653; x_wconf 79' lang='grc' dir='ltr'><strong><em>ποιήσας</em></strong></span> <span class='ocrx_word' id='word_1_147' title='bbox 2449 2580 2548 2642; x_wconf 79' lang='grc' dir='ltr'><strong>ἐπὶ</strong></span> <span class='ocrx_word' id='word_1_148' title='bbox 2600 2576 2872 2663; x_wconf 74' lang='grc' dir='ltr'>ζεύγους</span> 
     </span>
     <span class='ocr_line' id='line_1_19' title="bbox 743 2675 2878 2766; baseline 0 -22"><span class='ocrx_word' id='word_1_149' title='bbox 743 2680 918 2745; x_wconf 83' lang='grc' dir='ltr'>ὄνων</span> <span class='ocrx_word' id='word_1_150' title='bbox 970 2682 1351 2766; x_wconf 74' lang='grc' dir='ltr'>ὀχουμένην,</span> <span class='ocrx_word' id='word_1_151' title='bbox 1399 2675 1666 2766; x_wconf 74' lang='grc' dir='ltr'>παράγει</span> <span class='ocrx_word' id='word_1_152' title='bbox 1714 2679 1854 2745; x_wconf 79' lang='grc' dir='ltr'>τινὰ</span> <span class='ocrx_word' id='word_1_153' title='bbox 1901 2680 2141 2764; x_wconf 75' lang='grc' dir='ltr'><strong>ἐρῶντα</strong></span> <span class='ocrx_word' id='word_1_154' title='bbox 2186 2678 2398 2754; x_wconf 78' lang='grc' dir='ltr'>αὐτῆς·</span> <span class='ocrx_word' id='word_1_155' title='bbox 2450 2677 2491 2753; x_wconf 83' lang='grc' dir='ltr'>ἣ</span> <span class='ocrx_word' id='word_1_156' title='bbox 2537 2683 2636 2745; x_wconf 82' lang='grc' dir='ltr'><strong>καὶ</strong></span> <span class='ocrx_word' id='word_1_157' title='bbox 2685 2677 2878 2766; x_wconf 78' lang='grc' dir='ltr'>ἐρεθί-</span> 
     </span>
     <span class='ocr_line' id='line_1_20' title="bbox 744 2780 2876 2869; baseline 0.001 -23"><span class='ocrx_word' id='word_1_158' title='bbox 744 2780 949 2855; x_wconf 72' lang='grc' dir='ltr'>ζουσα</span> <span class='ocrx_word' id='word_1_159' title='bbox 978 2788 1129 2868; x_wconf 86' lang='grc' dir='ltr'>φησὶ</span> <span class='ocrx_word' id='word_1_160' title='bbox 1185 2784 1351 2869; x_wconf 79' lang='grc' dir='ltr'>πρὸς</span> <span class='ocrx_word' id='word_1_161' title='bbox 1391 2781 1608 2847; x_wconf 79' lang='grc' dir='ltr'>αὐτόν·</span> <span class='ocrx_word' id='word_1_162' title='bbox 1652 2780 2166 2847; x_wconf 78' lang='grc' dir='ltr'>Ἀποπλευστέον</span> <span class='ocrx_word' id='word_1_163' title='bbox 2211 2784 2310 2847; x_wconf 79' lang='grc' dir='ltr'><strong>ἐπὶ</strong></span> <span class='ocrx_word' id='word_1_164' title='bbox 2360 2784 2634 2869; x_wconf 81' lang='grc' dir='ltr'>νυμφίον</span> <span class='ocrx_word' id='word_1_165' title='bbox 2680 2784 2876 2861; x_wconf 78' lang='grc' dir='ltr'><strong>ἐστὶν,</strong></span> 
     </span>
     <span class='ocr_line' id='line_1_21' title="bbox 742 2878 2871 2971; baseline -0.001 -22"><span class='ocrx_word' id='word_1_166' title='bbox 742 2878 796 2968; x_wconf 74' lang='grc' dir='ltr'><strong><em>ᾧ</em></strong></span> <span class='ocrx_word' id='word_1_167' title='bbox 825 2890 1141 2969; x_wconf 82' lang='grc' dir='ltr'>γαμοῦμαι</span> <span class='ocrx_word' id='word_1_168' title='bbox 1172 2887 1468 2971; x_wconf 78' lang='grc' dir='ltr'><strong>σήμερον.</strong></span> <span class='ocrx_word' id='word_1_169' title='bbox 1518 2881 1598 2945; x_wconf 91' lang='lat' dir='ltr'><strong>In</strong></span> <span class='ocrx_word' id='word_1_170' title='bbox 1627 2881 1965 2968; x_wconf 86' lang='lat' dir='ltr'><strong>postremis</strong></span> <span class='ocrx_word' id='word_1_171' title='bbox 1998 2881 2247 2948; x_wconf 86' lang='lat' dir='ltr'><strong>Comici</strong></span> <span class='ocrx_word' id='word_1_172' title='bbox 2278 2882 2486 2947; x_wconf 88' lang='lat' dir='ltr'><strong>verbis</strong></span> <span class='ocrx_word' id='word_1_173' title='bbox 2518 2882 2871 2947; x_wconf 86' lang='lat' dir='ltr'><strong>scribendis</strong></span> 
     </span>
     <span class='ocr_line' id='line_1_22' title="bbox 744 2983 2880 3072; baseline 0.001 -25"><span class='ocrx_word' id='word_1_174' title='bbox 744 2995 1063 3072; x_wconf 85' lang='lat' dir='ltr'><strong>sequutus</strong></span> <span class='ocrx_word' id='word_1_175' title='bbox 1095 3008 1236 3049; x_wconf 89' lang='lat' dir='ltr'><strong>sum</strong></span> <span class='ocrx_word' id='word_1_176' title='bbox 1266 2985 1407 3048; x_wconf 90' lang='lat' dir='ltr'><strong>Viri</strong></span> <span class='ocrx_word' id='word_1_177' title='bbox 1439 3006 1582 3050; x_wconf 89' lang='lat' dir='ltr'><strong>vere</strong></span> <span class='ocrx_word' id='word_1_178' title='bbox 1610 2984 1815 3049; x_wconf 88' lang='lat' dir='ltr'><strong>critici</strong></span> <span class='ocrx_word' id='word_1_179' title='bbox 1855 2983 2083 3069; x_wconf 83' lang='lat' dir='ltr'><strong>Toupii</strong></span> <span class='ocrx_word' id='word_1_180' title='bbox 2117 2984 2625 3050; x_wconf 81' lang='lat' dir='ltr'><strong>emendationem</strong></span> <span class='ocrx_word' id='word_1_181' title='bbox 2656 2986 2880 3051; x_wconf 88' lang='lat' dir='ltr'><strong>certis-</strong></span> 
     </span>
     <span class='ocr_line' id='line_1_23' title="bbox 740 3087 2872 3175; baseline 0.001 -24"><span class='ocrx_word' id='word_1_182' title='bbox 740 3088 1002 3175; x_wconf 69' lang='lat' dir='ltr'><strong>simam,</strong></span> <span class='ocrx_word' id='word_1_183' title='bbox 1046 3097 1130 3166; x_wconf 89' lang='lat' dir='ltr'><strong>et,</strong></span> <span class='ocrx_word' id='word_1_184' title='bbox 1184 3096 1261 3151; x_wconf 92' lang='lat' dir='ltr'><strong>ut</strong></span> <span class='ocrx_word' id='word_1_185' title='bbox 1318 3087 1455 3175; x_wconf 90' lang='lat' dir='ltr'><strong>ipse</strong></span> <span class='ocrx_word' id='word_1_186' title='bbox 1508 3087 1798 3152; x_wconf 89' lang='lat' dir='ltr'><strong>modeste</strong></span> <span class='ocrx_word' id='word_1_187' title='bbox 1852 3097 2059 3167; x_wconf 84' lang='lat' dir='ltr'><strong>vocat,</strong></span> <span class='ocrx_word' id='word_1_188' title='bbox 2105 3087 2668 3174; x_wconf 84' lang='lat' dir='ltr'><strong>elegantissimam,</strong></span> <span class='ocrx_word' id='word_1_189' title='bbox 2717 3110 2872 3155; x_wconf 90' lang='lat' dir='ltr'><strong>cum</strong></span> 
     </span>
     <span class='ocr_line' id='line_1_24' title="bbox 739 3189 2870 3276; baseline 0.001 -23"><span class='ocrx_word' id='word_1_190' title='bbox 739 3198 929 3253; x_wconf 87' lang='lat' dir='ltr'><strong>antea</strong></span> <span class='ocrx_word' id='word_1_191' title='bbox 958 3189 1271 3276; x_wconf 88' lang='lat' dir='ltr'><strong>legeretur</strong></span> <span class='ocrx_word' id='word_1_192' title='bbox 1306 3190 1607 3267; x_wconf 76' lang='grc' dir='ltr'>α’πέπλεις</span> <span class='ocrx_word' id='word_1_193' title='bbox 1644 3193 1809 3269; x_wconf 83' lang='grc' dir='ltr'><em>τεόν,</em></span> <span class='ocrx_word' id='word_1_194' title='bbox 1847 3189 2026 3254; x_wconf 89' lang='lat' dir='ltr'><strong>nullo</strong></span> <span class='ocrx_word' id='word_1_195' title='bbox 2068 3212 2280 3255; x_wconf 89' lang='lat' dir='ltr'><strong>sensu.</strong></span> <span class='ocrx_word' id='word_1_196' title='bbox 2373 3189 2458 3254; x_wconf 94' lang='lat' dir='ltr'><strong>V.</strong></span> <span class='ocrx_word' id='word_1_197' title='bbox 2493 3189 2870 3256; x_wconf 88' lang='lat' dir='ltr'><strong>Emendatt.</strong></span> 
     </span>
     <span class='ocr_line' id='line_1_25' title="bbox 743 3289 2870 3380; baseline 0.003 -27"><span class='ocrx_word' id='word_1_198' title='bbox 743 3291 809 3354; x_wconf 86' lang='lat' dir='ltr'><strong>in</strong></span> <span class='ocrx_word' id='word_1_199' title='bbox 850 3289 1030 3355; x_wconf 87' lang='lat' dir='ltr'><strong>Suid.</strong></span> <span class='ocrx_word' id='word_1_200' title='bbox 1075 3291 1151 3356; x_wconf 91' lang='lat' dir='ltr'><strong>P.</strong></span> <span class='ocrx_word' id='word_1_201' title='bbox 1200 3290 1329 3355; x_wconf 91' lang='lat' dir='ltr'><strong>III.</strong></span> <span class='ocrx_word' id='word_1_202' title='bbox 1369 3314 1435 3380; x_wconf 88' lang='lat' dir='ltr'><strong>p.</strong></span> <span class='ocrx_word' id='word_1_203' title='bbox 1482 3293 1631 3356; x_wconf 87' lang='grc'><strong>363.</strong></span> <span class='ocrx_word' id='word_1_204' title='bbox 1675 3292 1775 3356; x_wconf 91' lang='lat' dir='ltr'><strong>ed.</strong></span> <span class='ocrx_word' id='word_1_205' title='bbox 1820 3291 2018 3378; x_wconf 68' lang='lat' dir='ltr'><strong>Lips„</strong></span> <span class='ocrx_word' id='word_1_206' title='bbox 2051 3292 2160 3357; x_wconf 92' lang='lat' dir='ltr'><strong>ubi</strong></span> <span class='ocrx_word' id='word_1_207' title='bbox 2203 3292 2393 3357; x_wconf 87' lang='lat' dir='ltr'><strong>simul</strong></span> <span class='ocrx_word' id='word_1_208' title='bbox 2426 3293 2506 3359; x_wconf 92' lang='lat' dir='ltr'><strong>de</strong></span> <span class='ocrx_word' id='word_1_209' title='bbox 2535 3295 2870 3360; x_wconf 85' lang='lat' dir='ltr'><strong>vocabulis</strong></span> 
     </span>
     <span class='ocr_line' id='line_1_26' title="bbox 739 3392 2872 3484; baseline 0.002 -26"><span class='ocrx_word' id='word_1_210' title='bbox 739 3392 951 3469; x_wconf 81' lang='grc' dir='ltr'>πλόος</span> <span class='ocrx_word' id='word_1_211' title='bbox 979 3392 1191 3459; x_wconf 82' lang='grc' dir='ltr'>πλεειυ</span> <span class='ocrx_word' id='word_1_212' title='bbox 1220 3394 1578 3481; x_wconf 86' lang='lat' dir='ltr'><strong>ceterisque</strong></span> <span class='ocrx_word' id='word_1_213' title='bbox 1607 3395 1896 3481; x_wconf 85' lang='lat' dir='ltr'><strong>ejusdem</strong></span> <span class='ocrx_word' id='word_1_214' title='bbox 1937 3394 2195 3460; x_wconf 85' lang='lat' dir='ltr'><strong>familiae</strong></span> <span class='ocrx_word' id='word_1_215' title='bbox 2229 3396 2410 3475; x_wconf 87' lang='lat' dir='ltr'><strong>dicit,</strong></span> <span class='ocrx_word' id='word_1_216' title='bbox 2440 3419 2590 3484; x_wconf 84' lang='lat' dir='ltr'><strong>quae</strong></span> <span class='ocrx_word' id='word_1_217' title='bbox 2621 3398 2872 3463; x_wconf 89' lang='lat' dir='ltr'><strong>doctior</strong></span> 
     </span>
     <span class='ocr_line' id='line_1_27' title="bbox 738 3493 2867 3580; baseline 0.005 -24"><span class='ocrx_word' id='word_1_218' title='bbox 738 3493 1043 3580; x_wconf 91' lang='lat' dir='ltr'><strong>loquendi</strong></span> <span class='ocrx_word' id='word_1_219' title='bbox 1072 3517 1231 3559; x_wconf 89' lang='lat' dir='ltr'><strong>usus</strong></span> <span class='ocrx_word' id='word_1_220' title='bbox 1262 3517 1390 3560; x_wconf 90' lang='lat' dir='ltr'><strong>non</strong></span> <span class='ocrx_word' id='word_1_221' title='bbox 1424 3498 1632 3561; x_wconf 89' lang='lat' dir='ltr'><strong>solum</strong></span> <span class='ocrx_word' id='word_1_222' title='bbox 1664 3497 1746 3561; x_wconf 95' lang='lat' dir='ltr'><strong>de</strong></span> <span class='ocrx_word' id='word_1_223' title='bbox 1785 3497 2105 3562; x_wconf 83' lang='lat' dir='ltr'><strong>maritimo</strong></span> <span class='ocrx_word' id='word_1_224' title='bbox 2144 3498 2368 3564; x_wconf 87' lang='lat' dir='ltr'><strong>itinere</strong></span> <span class='ocrx_word' id='word_1_225' title='bbox 2398 3499 2717 3579; x_wconf 84' lang='lat' dir='ltr'><strong>adhibuit,</strong></span> <span class='ocrx_word' id='word_1_226' title='bbox 2751 3502 2867 3566; x_wconf 88' lang='lat' dir='ltr'><strong>sed</strong></span> 
     </span>
     <span class='ocr_line' id='line_1_28' title="bbox 737 3596 2869 3687; baseline 0.006 -29"><span class='ocrx_word' id='word_1_227' title='bbox 737 3596 929 3659; x_wconf 88' lang='lat' dir='ltr'><strong>etiam</strong></span> <span class='ocrx_word' id='word_1_228' title='bbox 982 3597 1063 3661; x_wconf 92' lang='lat' dir='ltr'><strong>de</strong></span> <span class='ocrx_word' id='word_1_229' title='bbox 1109 3599 1407 3663; x_wconf 83' lang='lat' dir='ltr'><strong>terrestri.</strong></span> <span class='ocrx_word' id='word_1_230' title='bbox 1497 3598 1604 3664; x_wconf 84' lang='lat' dir='ltr'><strong>Cf.</strong></span> <span class='ocrx_word' id='word_1_231' title='bbox 1657 3598 1941 3687; x_wconf 86' lang='lat' dir='ltr'><strong>Hesych.</strong></span> <span class='ocrx_word' id='word_1_232' title='bbox 1987 3624 2049 3663; x_wconf 88' lang='lat' dir='ltr'><strong>v.</strong></span> <span class='ocrx_word' id='word_1_233' title='bbox 2105 3600 2316 3679; x_wconf 82' lang='grc' dir='ltr'>πλοῦς</span> <span class='ocrx_word' id='word_1_234' title='bbox 2355 3612 2420 3666; x_wconf 89' lang='lat' dir='ltr'><strong>et</strong></span> <span class='ocrx_word' id='word_1_235' title='bbox 2470 3626 2524 3667; x_wconf 78' lang='lat' dir='ltr'><strong>v·</strong></span> <span class='ocrx_word' id='word_1_236' title='bbox 2572 3603 2869 3671; x_wconf 70' lang='lat' dir='ltr'><strong>a’vrovre‘e&#39;v‘</strong></span> 
     </span>
     <span class='ocr_line' id='line_1_29' title="bbox 739 3699 2867 3795; baseline 0.003 -30"><span class='ocrx_word' id='word_1_237' title='bbox 739 3699 1065 3768; x_wconf 75' lang='grc' dir='ltr'><strong>ἀπελθεῖν.</strong></span> <span class='ocrx_word' id='word_1_238' title='bbox 1115 3702 1205 3766; x_wconf 86' lang='lat' dir='ltr'><strong>At</strong></span> <span class='ocrx_word' id='word_1_239' title='bbox 1234 3703 1373 3767; x_wconf 86' lang='lat' dir='ltr'><strong>haec</strong></span> <span class='ocrx_word' id='word_1_240' title='bbox 1406 3703 1718 3788; x_wconf 89' lang='lat' dir='ltr'><strong>posterior</strong></span> <span class='ocrx_word' id='word_1_241' title='bbox 1747 3704 1982 3791; x_wconf 81' lang='lat' dir='ltr'><strong>glossa,</strong></span> <span class='ocrx_word' id='word_1_242' title='bbox 2007 3714 2197 3767; x_wconf 86' lang='lat' dir='ltr'><strong>antea</strong></span> <span class='ocrx_word' id='word_1_243' title='bbox 2223 3706 2495 3770; x_wconf 89' lang='lat' dir='ltr'><strong>multum</strong></span> <span class='ocrx_word' id='word_1_244' title='bbox 2531 3708 2614 3772; x_wconf 90' lang='lat' dir='ltr'><strong>ab</strong></span> <span class='ocrx_word' id='word_1_245' title='bbox 2646 3707 2867 3795; x_wconf 89' lang='lat' dir='ltr'><strong>Intpp.</strong></span> 
     </span>
     <span class='ocr_line' id='line_1_30' title="bbox 736 3804 2864 3891; baseline 0.005 -26"><span class='ocrx_word' id='word_1_246' title='bbox 736 3812 989 3882; x_wconf 83' lang='lat' dir='ltr'><strong>vexata,</strong></span> <span class='ocrx_word' id='word_1_247' title='bbox 1017 3808 1317 3891; x_wconf 76' lang='lat' dir='ltr'><strong>praeclare</strong></span> <span class='ocrx_word' id='word_1_248' title='bbox 1349 3806 1431 3869; x_wconf 86' lang='lat' dir='ltr'><strong>ab</strong></span> <span class='ocrx_word' id='word_1_249' title='bbox 1461 3804 1688 3870; x_wconf 90' lang='lat' dir='ltr'><strong>eodem</strong></span> <span class='ocrx_word' id='word_1_250' title='bbox 1729 3806 2137 3871; x_wconf 87' lang='lat' dir='ltr'><strong>emendatur:</strong></span> <span class='ocrx_word' id='word_1_251' title='bbox 2185 3808 2522 3888; x_wconf 70' lang='grc' dir='ltr'>ἀποπλεῖν,</span> <span class='ocrx_word' id='word_1_252' title='bbox 2553 3832 2629 3875; x_wconf 87' lang='lat' dir='ltr'><strong>ac</strong></span> <span class='ocrx_word' id='word_1_253' title='bbox 2659 3811 2754 3875; x_wconf 88' lang='lat' dir='ltr'><strong>sic</strong></span> <span class='ocrx_word' id='word_1_254' title='bbox 2779 3811 2864 3875; x_wconf 86' lang='lat' dir='ltr'><strong>ad</strong></span> 
     </span>
     <span class='ocr_line' id='line_1_31' title="bbox 734 3902 2862 3996; baseline 0.005 -29"><span class='ocrx_word' id='word_1_255' title='bbox 734 3902 1063 3990; x_wconf 84' lang='lat' dir='ltr'><strong>Aristoph.</strong></span> <span class='ocrx_word' id='word_1_256' title='bbox 1115 3906 1329 3971; x_wconf 89' lang='lat' dir='ltr'><strong>locum</strong></span> <span class='ocrx_word' id='word_1_257' title='bbox 1382 3906 1693 3996; x_wconf 88' lang='lat' dir='ltr'><strong>pertinere</strong></span> <span class='ocrx_word' id='word_1_258' title='bbox 1744 3907 2014 3972; x_wconf 88' lang='lat' dir='ltr'><strong>videtur.</strong></span> <span class='ocrx_word' id='word_1_259' title='bbox 2108 3908 2186 3972; x_wconf 89' lang='lat' dir='ltr'><strong>In</strong></span> <span class='ocrx_word' id='word_1_260' title='bbox 2245 3910 2615 3976; x_wconf 85' lang='lat' dir='ltr'><strong>Antimachi</strong></span> <span class='ocrx_word' id='word_1_261' title='bbox 2671 3934 2862 3979; x_wconf 84' lang='lat' dir='ltr'><strong>versu</strong></span> 
     </span>
     <span class='ocr_line' id='line_1_32' title="bbox 738 4004 2869 4101; baseline 0.007 -33"><span class='ocrx_word' id='word_1_262' title='bbox 738 4004 1001 4092; x_wconf 90' lang='lat' dir='ltr'><strong>insuper</strong></span> <span class='ocrx_word' id='word_1_263' title='bbox 1047 4009 1402 4074; x_wconf 88' lang='lat' dir='ltr'><strong>notandum</strong></span> <span class='ocrx_word' id='word_1_264' title='bbox 1449 4009 1662 4078; x_wconf 83' lang='grc' dir='ltr'>πλόον</span> <span class='ocrx_word' id='word_1_265' title='bbox 1703 4010 1972 4087; x_wconf 79' lang='grc' dir='ltr'>ὑλήεντα</span> <span class='ocrx_word' id='word_1_266' title='bbox 2013 4008 2384 4099; x_wconf 74' lang='grc' dir='ltr'>διέρχεσθαι,</span> <span class='ocrx_word' id='word_1_267' title='bbox 2421 4016 2515 4079; x_wconf 90' lang='lat' dir='ltr'><strong>ita</strong></span> <span class='ocrx_word' id='word_1_268' title='bbox 2559 4036 2672 4101; x_wconf 89' lang='lat' dir='ltr'><strong>per</strong></span> <span class='ocrx_word' id='word_1_269' title='bbox 2718 4017 2869 4082; x_wconf 90' lang='lat' dir='ltr'><strong>loca</strong></span> 
     </span>
    </p>
   </div>
   <div class='ocr_carea' id='block_1_7' title="bbox 732 4110 2865 4208">
    <p class='ocr_par' dir='ltr' id='par_1_7' title="bbox 732 4110 2865 4208">
     <span class='ocr_line' id='line_1_33' title="bbox 732 4110 2865 4208; baseline 0.008 -38"><span class='ocrx_word' id='word_1_270' title='bbox 732 4116 1060 4190; x_wconf 83' lang='lat' dir='ltr'><strong>montana,</strong></span> <span class='ocrx_word' id='word_1_271' title='bbox 1087 4110 1344 4197; x_wconf 85' lang='lat' dir='ltr'><strong>sylvosa</strong></span> <span class='ocrx_word' id='word_1_272' title='bbox 1372 4111 1564 4192; x_wconf 85' lang='lat' dir='ltr'><strong>(forte</strong></span> <span class='ocrx_word' id='word_1_273' title='bbox 1586 4111 2052 4193; x_wconf 60' lang='lat' dir='ltr'><strong>Cithaeronem)</strong></span> <span class='ocrx_word' id='word_1_274' title='bbox 2067 4135 2392 4202; x_wconf 83' lang='lat' dir='ltr'><strong>peragere.</strong></span> <span class='ocrx_word' id='word_1_275' title='bbox 2444 4116 2865 4208; x_wconf 87' lang='lat' dir='ltr'><strong>Quamquam</strong></span> 
     </span>
    </p>
   </div>
   <div class='ocr_carea' id='block_1_8' title="bbox 3046 3915 3063 4666">
    <p class='ocr_par' dir='ltr' id='par_1_8' title="bbox 3046 3915 3063 4666">
     <span class='ocr_line' id='line_1_34' title="bbox 3046 3915 3063 4666; baseline 0 0"><span class='ocrx_word' id='word_1_276' title='bbox 3046 3915 3063 4666; x_wconf 95' lang='lat' dir='ltr'><strong> </strong></span> 
     </span>
    </p>
   </div>
  </div>
 </body>
</html>
