3125 5009
722 330 747 397 1
775 330 860 397 10
1316 344 1760 395 ANT1MAcffl
1806 341 2204 398 RELIQUIAE.

710 498 1044 562 Vocabula
1072 497 1255 581 α’φνῶ
1286 506 1349 560 et
1380 494 1770 581 adjectivum
1811 492 2118 578 α’φνῆμωυ
2159 487 2391 575 glossis
2421 479 2827 550 accensenda

710 610 888 680 sunt,
918 620 1084 687 quas
1114 599 1181 663 in
1212 597 1632 686 scriptoribus
1661 594 1834 659 haud
1871 594 2058 657 facile
2086 591 2387 678 reperias.

1607 998 1928 1062 LXXIII.

1042 1279 1151 1287 -—-
1193 1227 1480 1337 Ληχμόν
1520 1224 1585 1306 δ’
1625 1223 2071 1337 {gurdiae-Onu
2112 1222 2445 1303 ἀλεείνων.

714 1499 909 1563 IDEM
962 1521 1022 1584 p.
1064 1497 1215 1561 371.
1259 1496 1301 1558 l.
1342 1495 1449 1558 21.
1493 1517 1549 1558 v.
1599 1494 2004 1580 Ἐρεχμός.-
2031 1492 2336 1578 Διωχμὸν
2381 1487 2683 1574 λέγουσιν
2730 1492 2827 1567 (οἱ

714 1601 996 1675 Αἰολεῖς)
1025 1605 1121 1665 καὶ
1153 1596 1431 1684 ληχμὸν,
1464 1598 1551 1672 ὡς
1581 1596 1990 1681 Ἀντίμαχος·
2039 1594 2308 1680 Ληχμὸν
2339 1621 2392 1658 κ.
2422 1590 2485 1656 λ.
2557 1589 2826 1654 Scilicet

711 1697 925 1773 δίωξις
957 1694 1288 1759 ῐῐωῐὲῑτιιῐιῐ
1315 1694 1381 1756 in
1412 1692 1716 1781 ὃιωχμός,
1739 1691 1928 1769 λῆξις
1954 1691 2014 1753 in
2042 1692 2318 1778 ληχμός.
2411 1688 2580 1753 Hinc
2605 1697 2828 1775 poste·-

712 1800 841 1863 rius
867 1797 1149 1885 explicat
1181 1796 1469 1883 Hesych.
1512 1794 1720 1871 λῆξιν.
1814 1794 2005 1868 Prius
2045 1793 2199 1857 alibi
2245 1814 2373 1857 non
2413 1792 2713 1871 occurrit,
2745 1800 2827 1856 ut

715 1910 889 1987 puto.

1653 2170 1891 2235 LXIV.

974 2453 1241 2546 Πλῆσεν
1282 2448 1345 2530 δ’
1384 2448 1488 2567 ἱέρ’
1530 2446 1987 2567 ἓπιστροίψας
2023 2444 2438 2567 δέπαστρον.

714 2716 903 2777 IDEM
949 2737 1011 2801 p.
1052 2714 1202 2777 443.
1253 2713 1295 2777 l.
1338 2716 1441 2777 55.
1486 2736 1544 2777 v.
1593 2718 2029 2800 Θαύμακτρον·
2079 2716 2262 2800 Παρὰ
2309 2713 2692 2800 Ἀντιμάχῳ,
2740 2718 2817 2781 τὸ

709 2816 979 2895 Seu-(120),
1011 2808 1380 2903 δέπαστρον·
1434 2818 1595 2883 οἷον·
1657 2813 2378 2901 Πλῆσεν-δέπαστρον.
2441 2818 2590 2903 Οὐχ
2617 2818 2820 2902 ὑγιῶς

708 2923 1025 3007 ἐχρήσατο
1068 2922 1158 3003 τῷ
1204 2921 1653 3003 σημαινομένῳ·
1699 2916 2000 3003 ἐθήκαμεν
2051 2921 2179 3003 γὰρ
2219 2921 2316 2983 ἐπὶ
2361 2924 2474 2983 τοῦ
2508 2924 2814 3007 ποτηρίου

706 3024 822 3097 τὴν
870 3020 1065 3098 λέξιν,
1107 3022 1181 3086 τὸ
1224 3018 1676 3105 ὃεπαζόμενον·
1725 3022 1918 3097 αὐτὸς
1959 3017 2023 3086 δὲ
2067 3019 2205 3086 ἆντὶ
2247 3025 2359 3084 τοῦ
2401 3017 2814 3101 ὃεπᾶζοντος,

709 3127 797 3199 ὡς
838 3127 887 3191 εἰ
916 3125 1259 3207 πινόμενον
1300 3126 1518 3209 εἰρήκει
1553 3121 1694 3190 ἀντὶ
1734 3129 1846 3188 τοῦ
1890 3126 2216 3197 πίνοντος.
2309 3120 2403 3185 Ut
2447 3120 2814 3211 Etymologi

698 3224 1020 3310 judicium
1052 3244 1447 3309 caperemuS,
1480 3245 1645 3310 opus
1689 3234 1824 3288 erat
1854 3223 2103 3309 integro
2131 3224 2272 3287 loco
2303 3233 2528 3309 poetae.
2619 3224 2816 3291 Nunc

706 3327 957 3390 videtur
983 3346 1106 3389 vox
1137 3325 1361 3411 utique
1397 3325 1622 3389 eodem
1665 3347 1854 3390 sensu
1897 3325 2130 3411 posita,
2162 3347 2292 3413 quo
2320 3348 2514 3413 supra
2545 3324 2647 3392 Fr.
2681 3328 2810 3394 IX.

707 3426 793 3493 X.
877 3428 1312 3513 Ἐπιστρᾶψας
1352 3436 1448 3491 est
1488 3449 1603 3513 pro
1633 3431 2024 3514 ἐπιστρέψας,
2055 3428 2110 3491 si
2149 3428 2340 3492 modo
2371 3450 2582 3493 veram
2613 3432 2815 3519 scrip-

705 3543 913 3596 turam
959 3527 2059 3615 habemus,—SCH,—Sylburgius
2105 3529 2370 3616 conjicit
2419 3533 2813 3619 ἐπιστρέψας.

701 3634 798 3696 Tu
831 3654 980 3697 vero
1016 3632 1158 3717 lege
1188 3630 1431 3707 πλῆσεν
1462 3629 1520 3698 δ’
1552 3632 1650 3717 ἄρ’
1681 3635 2056 3716 ἐπιστέψασα
2081 3628 2454 3718 δέπαστρον.
2510 3633 2697 3699 Iliad.
2731 3634 2812 3700 A.

702 3738 848 3799 470.
896 3743 1202 3822 κρητῆρας
1242 3737 1657 3818 ἐπεστέψαντο
1697 3742 1941 3811 ποτοῖο,
1985 3733 2090 3796 ubi
2133 3744 2362 3798 notatu
2411 3733 2678 3821 dignum
2715 3747 2816 3802 est

702 3836 917 3901 Seberi
966 3835 1241 3898 indicem
1289 3835 1588 3898 exhibere
1628 3838 2102 3921 ἐπεστρέψαυτο.
2195 3834 2481 3921 Hesych.
2525 3838 2814 3907 Ἐπεστέ-

701 3942 930 4023 ψαντο,
973 3935 1237 4021 πλήρεις
1279 3941 1599 4014 ἐποίησαν.
1691 3937 2057 4022 Ἐπιστέφει,
2099 3943 2434 4024 κεραννύει.
2525 3940 2814 4009 Ἐπιστε-

701 4048 837 4127 φὲς,
892 4040 1153 4124 πλῆρες.
1216 4042 1606 4125 κεκραμένον.
1710 4037 1992 4103 Consule
2055 4038 2314 4104 Kuster.
2381 4042 2445 4104 in
2504 4042 2685 4107 Suid.
2749 4068 2810 4109 v.

702 4142 1107 4225 Ἐπιστεφέας
1162 4149 1487 4225 κρητῆρας.
1581 4140 1764 4203 Iliad.
1813 4142 1890 4203 A.
1943 4142 2046 4204 41.
2095 4142 2354 4226 κεφαλαὶ
2413 4141 2475 4209 δὲ
2533 4148 2592 4210 οἱ
2645 4151 2812 4221 ἦσαν
