3125 5009
1289 333 1502 383 LYDE.
1707 384 1716 395 ,
2368 313 2460 380 97

1279 641 1533 706 XLIII.

350 832 604 902 ScHoL.
636 839 793 904 ibid.
825 840 907 905 ad
943 863 1006 905 v.
1042 866 1139 930 sq.
1233 848 1312 910 Αἱ
1354 844 1613 911 Πλωταὶ
1665 854 1843 921 νῆσοι
1883 844 2460 930 μετωνομάσθησαν

356 939 741 1028 Στροφάδες.
835 947 1152 1030 Μέμνηται
1198 948 1407 1013 αὐτῶν
1455 952 1553 1013 καὶ
1585 948 1974 1035 Ἀντίμαχος
2027 951 2092 1014 ἐν
2138 952 2218 1036 τῇ
2265 946 2458 1035 Λύδῃ.

353 1039 422 1104 Si
454 1041 577 1107 hoc
610 1046 691 1109 ad
728 1048 999 1110 eundem
1040 1047 1273 1129 locum,
1306 1071 1500 1137 quem
1540 1060 1729 1113 antea
1769 1050 2138 1130 habuimuS,
2171 1049 2461 1136 pertinet,

352 1145 526 1230 quod
570 1148 898 1232 probabile
954 1149 1051 1230 fit,
1096 1161 1439 1238 utrumque
1482 1152 1563 1215 ad
1609 1151 1833 1239 Lyden
1874 1152 2272 1216 referendum
2303 1152 2456 1221 erit3

351 1247 545 1335 idque
576 1252 765 1314 etiam
794 1252 1050 1317 aliunde
1082 1254 1209 1317 veri
1242 1254 1515 1340 speciem
1548 1254 1766 1320 habet.

1284 1580 1527 1645 XLIV.

354 1781 541 1844 IDEM
585 1780 663 1843 ad
711 1780 821 1845 lib.
858 1780 985 1861 III,
1028 1783 1175 1847 410.
1218 1781 1297 1846 ad
1348 1787 1556 1870 ταύρω
1610 1781 2209 1871 χαλκόποδε.-Καὶ
2255 1784 2463 1851 Ἀντί-

344 1912 558 1972 μαχος
588 1887 655 1951 ἐν
682 1889 763 1972 τῇ
784 1882 957 1972 Λύὸῃ
983 1883 1586 1972 ”Ηφαιστοτεύκτους
1607 1888 1758 1961 τοὺς
1778 1890 2052 1974 ταύρους
2074 1884 2459 1973 ἀπεφήνατο.

350 1987 553 2050 Plane
603 1987 825 2051 eadem
871 1986 1170 2074 proponit
1212 1987 1518 2052 Scholion
1558 1988 1642 2052 ad
1687 1986 1877 2050 Pind.
1913 1986 2109 2073 Pyth.
2147 1987 2264 2068 IV,
2288 1990 2463 2067 398„

347 2093 417 2156 in
460 2112 591 2177 quo
643 2091 874 2153 lacuna
919 2088 1230 2176 sequitur,
1261 2090 1370 2154 sed
1426 2112 1574 2176 quae
1622 2089 2052 2155 Antimacheo
2102 2089 2463 2176 fragmento

348 2214 465 2256 nos
512 2214 641 2256 non
689 2191 1030 2255 fraudavit.
1120 2191 1359 2277 Agitur
1405 2192 1483 2255 de
1524 2191 1751 2272 tauris,
1784 2213 1948 2280 quos
1984 2192 2188 2277 jussit
2234 2191 2462 2258 AEetes

346 2294 645 2359 Jasonem
680 2293 802 2357 sub
832 2294 1070 2380 jugum
1116 2293 1384 2359 mittere.
1477 2293 1610 2358 Res
1651 2303 1807 2358 nota
1834 2293 1934 2358 vel
1964 2315 2042 2357 ex
2073 2294 2373 2381 Apollod.
2409 2295 2465 2384 1,

348 2399 409 2463 9.
441 2400 545 2461 23.
633 2395 1177 2484 Ἠφαιστότευκτοι
1216 2396 1283 2459 hi
1333 2406 1507 2475 sunt,
1550 2418 1631 2461 ex
1670 2396 1866 2459 veteri
1913 2395 2218 2484 loquendi
2267 2419 2465 2473 more,

346 2502 460 2588 qui
491 2500 641 2565 alibi
683 2498 990 2564 dicuntur
1031 2496 1454 2588 χαλκόποδες,
1502 2522 1668 2585 quos
1709 2508 1924 2563 noster
1971 2522 2176 2564 sermo
2215 2500 2467 2567 efferret

348 2605 527 2669 duris
570 2603 823 2691 ungulis
858 2602 1178 2688 praeditos.
1256 2601 1365 2666 Sic
1414 2602 1630 2667 rudior
1676 2600 1989 2666 sentiendi
2027 2603 2464 2690 loquendique

347 2706 622 2773 formula
644 2728 853 2771 rerum
883 2705 1192 2769 miracula
1220 2713 1438 2791 auget.
1529 2704 1634 2769 Cf.
1664 2705 1877 2791 Heyn.
1905 2705 1986 2769 V.
2017 2704 2124 2769 Ill.
2159 2706 2238 2769 ad
2267 2707 2464 2793 Apol-

345 2809 474 2874 lod.
504 2832 571 2895 p.
604 2809 712 2873 52.
759 2817 823 2871 et
860 2808 1012 2871 202.
1109 2806 1454 2893 Αὲηἱρεάεε
1503 2806 1740 2873 Martis
1790 2805 1966 2871 boves
2011 2807 2210 2873 habet
2262 2807 2459 2872 Ovid.

349 2912 499 2977 Her.
533 2910 657 2998 Ep.
689 2908 811 2989 VI,
842 2911 949 2975 32.

1308 3224 1513 3289 XLV.

356 3433 545 3497 IDEM
592 3431 671 3495 ad
717 3430 835 3509 IV,
883 3430 1021 3494 156.
1110 3429 1226 3495 Ἐν
1262 3432 1512 3503 τούτοις
1566 3435 1662 3493 καὶ
1704 3435 1840 3500 τοῖς
1887 3424 2106 3512 ἐφεξῆς
2153 3431 2304 3511 φησὶ
2349 3428 2466 3502 τὴν

354 3533 633 3613 Μήδειαν
682 3531 1171 3620 ἐπιῤῥαίνονσαν
1216 3527 1495 3618 ἆρκεύθῳ
1541 3530 1615 3595 τὸ
1667 3526 1996 3615 φάρμακον
2039 3532 2306 3610 κοιμίσαι
2351 3530 2466 3595 τὸν

353 3636 684 3729 δράκοντα,
714 3633 1091 3723 ἐπᾴδουσαν,
1122 3637 1219 3699 καὶ
1250 3631 1415 3697 οὕτω
1445 3634 1517 3699 τὸ
1548 3633 1717 3706 κῶας
1746 3627 2098 3709 ἀνελέσθαι,
2129 3635 2226 3696 καὶ
2260 3640 2468 3717 χωρῆ-

352 3772 456 3810 σαι
496 3741 889 3829 ἀμφοτέρους
930 3739 1026 3801 ἐπὶ
1067 3738 1183 3812 τὴν
1225 3739 1401 3811 ναῦν,
1432 3736 1818 3818 κοιμωμένου
1865 3737 1977 3797 τού
2027 3729 2270 3821 θηρίου,
2313 3761 2468 3818 συμ-

352 3844 585 3931 φώνως
612 3835 995 3926 Ἀντιμάχῳ.
1085 3835 1428 3901 Monemur
1474 3835 1696 3923 itaque
1743 3833 1866 3897 hoc
1912 3831 2177 3911 scholi0,
2223 3841 2358 3897 tam
2399 3832 2466 3897 in

354 3946 583 4034 mytho
642 3944 723 4007 de
782 3942 1076 4018 dracone,
1127 3937 1376 4003 velleris
1429 3937 1603 4001 aurei
1659 3937 1951 4014 custode,
2001 3956 2112 4022 per
2165 3934 2464 4000 Medeam

354 4046 617 4113 venenis
647 4044 881 4133 sopito,
899 4065 1099 4131 quam
1121 4042 1186 4106 in
1210 4046 1423 4107 cetera
1444 4039 1806 4104 narratione
1829 4039 2000 4125 apud
2023 4036 2465 4123 Apollonium,

356 4150 507 4215 huic
538 4159 743 4237 poetae
766 4170 915 4213 cum
939 4143 1328 4210 Antimacho
1350 4142 1745 4222 convenisse,
1771 4151 1840 4205 vt
1861 4141 2019 4205 adeo
2043 4140 2241 4225 hujus
2266 4142 2468 4204 nostri

1402 4267 1441 4309 P
