3125 5009
1278 383 1497 433 LYDE.
2345 370 2435 441 91

1214 1134 1539 1202 XXXVI.

504 1378 690 1463 Εῗπε
733 1379 805 1462 δὲ
848 1381 1175 1481 φωνήσας·
1240 1383 1540 1480 Πὸλυβε,
1583 1388 1970 1526 θβεπτῆςια
2011 1395 2244 1478 ταῦτα

658 1492 958 1585 Ἵππους
998 1493 1100 1576 τοὶ
1142 1493 1326 1578 δώσω
1366 1495 1725 1608 δυσ-μενεων
1763 1500 2052 1595 ἐλαία-ας.

313 1741 627 1807 SERVA‘rx
682 1756 835 1811 sunt
886 1746 953 1811 in
1004 1745 1216 1812 Schol.
1263 1748 1346 1812 ad
1396 1748 1690 1837 Euripid.
1741 1751 1974 1818 Phoen.
2027 1777 2086 1820 v.
2133 1757 2261 1836 44„
2309 1759 2419 1824 ubi

308 1844 349 1908 J
353 1854 570 1911 ocasta
599 1858 833 1929 narrat,
868 1848 1006 1915 Laii
1033 1850 1353 1916 interemti
1378 1852 1563 1938 bigas
1595 1853 1678 1918 ab
1710 1853 1953 1941 OEdipo
1981 1859 2064 1922 ad
2099 1857 2436 1948 Polybum,

309 1950 650 2014 translatas
678 1973 839 2016 esse.
930 1952 1030 2017 Ad
1076 1952 1140 2017 h.
1188 1954 1230 2017 l.
1264 1953 1524 2018 schot:
1564 1956 1707 2021 Ὅτι
1755 1956 1817 2024 δὲ
1863 1958 2156 2046 Πολύβῳ
2197 1960 2419 2031 δέδωκε

304 2056 455 2128 τοὺς
474 2055 734 2132 ἵππους,
762 2060 859 2122 καὶ
885 2056 1272 2143 Ἀντίμαχος
1307 2064 1500 2142 φησὶν
1523 2061 1590 2124 ἐν
1619 2056 1811 2147 Ab&
1862 2060 2016 2127 Εἶπε
2045 2092 2097 2129 κ.
2123 2062 2186 2128 λ.
2234 2060 2415 2130 Idem

306 2154 416 2218 diu
448 2166 595 2218 ante
624 2164 688 2219 et
717 2155 1034 2221 Pisander
1058 2157 1429 2238 tradiderat,
1463 2158 1637 2245 quod
1669 2160 1857 2225 docet
1885 2162 2075 2226 docta
2101 2166 2416 2231 enarratio

304 2258 385 2322 ad
434 2259 666 2324 Phoen.
704 2284 766 2325 v.
814 2260 999 2325 1748.
1092 2259 1167 2323 In
1216 2260 1326 2326 illo
1367 2260 1613 2327 scholio
1653 2262 1840 2328 lectio
1882 2268 1948 2331 ἐν
1997 2263 2171 2355 Λΰὸῃ
2205 2268 2345 2354 jam
2375 2291 2416 2334 a
2500 2254 2514 2261 i

308 2358 550 2425 Meurs.
596 2360 663 2425 in
713 2360 884 2426 Bibl.
929 2362 1066 2444 Gr„
1095 2371 1242 2449 post
1275 2385 1314 2427 a
1347 2362 1663 2428 Valcken.
1705 2364 1970 2430 reducta
2011 2375 2129 2445 est,
2167 2389 2314 2433 cum
2345 2370 2412 2433 in

304 2464 735 2551 superioribus
764 2465 943 2530 libris
971 2466 1291 2554 plerisque
1335 2475 1502 2531 esset
1540 2471 1609 2534 ἐν
1641 2465 1837 2555 Λήὸῃ,
1865 2468 1931 2531 in
1972 2491 2102 2555 quo
2134 2469 2413 2558 Θηβαΐδι

303 2565 498 2632 latere
537 2588 869 2655 perperam
908 2569 1177 2654 putabat
1216 2567 1588 2632 BarnesiuS.
1678 2568 1898 2656 Elegis
1925 2572 2092 2633 enim
2136 2570 2414 2636 Thebais

302 2670 537 2757 scripta
579 2692 709 2735 non
746 2670 891 2735 fuit.
983 2670 1251 2735 Rectius
1290 2679 1504 2734 autem
1547 2670 1614 2733 in
1654 2672 1859 2757 primo
1898 2693 2083 2735 versu
2127 2674 2415 2759 reposuit

297 2780 509 2854 ταῦτα,
556 2773 666 2839 ubi
711 2784 901 2840 antea
949 2774 1285 2862 legebatur
1332 2770 1497 2851 τάδε,
1542 2773 1627 2837 ob
1674 2774 1986 2839 vocalium
2028 2797 2408 2841 concursum

299 2876 512 2941 minus
538 2876 867 2941 concinne.
959 2876 1271 2964 Polybus,
1301 2874 1648 2962 OEdipodis
1690 2875 1983 2955 nutritor,
2016 2887 2081 2942 et
2119 2878 2233 2942 diu
2273 2901 2406 2944 cre-

293 2978 472 3065 ditus
512 2990 711 3066 pater,
741 3003 776 3044 e
805 2979 1041 3045 fabulis
1069 2979 1225 3043 satis
1270 2992 1482 3042 notus.
1575 2975 1746 3041 Huic
1785 2982 2150 3067 θρεπτήρια,
2183 2982 2408 3047 educa-

296 3083 481 3147 tionis
527 3082 878 3161 ηιενοεάεηι,
925 3082 1289 3148 redditurus
1336 3079 1621 3167 OEdipus
1667 3081 1864 3146 donat
1911 3102 2132 3170 equos.
2223 3083 2406 3173 Saepe

291 3186 384 3249 sic
414 3189 758 3273 θρεπτήρια
785 3208 835 3250 S.
871 3189 1149 3273 θρέπτρα
1188 3206 1290 3273 ap.
1324 3183 1516 3249 Hom.
1544 3192 1909 3265 occurrunt,
1944 3195 2019 3248 ut
2052 3183 2130 3248 Il.
2165 3184 2219 3254 ὃ.
2253 3189 2402 3253 478.

293 3319 353 3377 ρ.
384 3290 533 3354 302.
581 3288 953 3353 Notandum
983 3297 1216 3366 autem,
1240 3296 1497 3375 poetam
1527 3286 1594 3350 in
1625 3286 1728 3350 his
1752 3286 2040 3352 versibus
2065 3285 2401 3375 OEdipum‚

293 3392 661 3477 loquentem
708 3388 1062 3468 induxisse,
1097 3389 1271 3453 unde
1319 3390 1399 3455 de
1443 3398 1660 3454 tenore
1703 3388 2002 3452 carminis
2050 3388 2404 3453 existimari

288 3493 460 3558 lieet.
549 3492 651 3557 Ad
684 3514 815 3559 rem
843 3492 1123 3578 denique
1149 3491 1358 3577 ipsam
1387 3490 1665 3577 adjicere
1681 3490 1941 3577 juvabit
1969 3489 2403 3556 Valckenaerii

292 3597 519 3662 verba:
582 3594 865 3683 OEdipus
909 3594 1086 3659 caede
1130 3601 1513 3680 perpetrata,
1551 3612 1702 3656 mox
1745 3591 2000 3656 Thebas
2048 3614 2177 3657 non
2221 3593 2402 3674 abiit,

294 3721 411 3765 nec
462 3698 750 3786 Delphos
797 3696 1082 3784 quidem,
1121 3716 1252 3782 quo
1298 3694 1734 3760 destinaverat
1778 3693 2130 3780 proficisci:
2186 3717 2402 3783 neque

291 3802 459 3869 enim
487 3800 827 3867 homicidae
862 3802 1125 3886 μυσαρῷ
1157 3797 1253 3861 fas
1282 3806 1439 3876 erat,
1466 3801 1622 3884 πρὶν
1655 3792 2057 3883 καθαρθῆναι,
2089 3798 2398 3883 templum

292 3904 573 3994 ingredi:
631 3901 1017 3969 Corinthum
1067 3900 1288 3987 itaque
1332 3898 1540 3978 rediit,
1595 3906 1789 3984 atque
1839 3896 2010 3976 inde,
2055 3908 2399 3986 postquam

292 4010 539 4097 regium
598 4028 855 4089 currum
912 4013 1108 4090 atque
1163 4022 1370 4089 equos
1429 3999 1681 4088 Polybo
1740 3999 2122 4087 reliquisset,
2172 4000 2400 4090 καθαρ-

291 4111 421 4187 θεὶς
461 4113 575 4177 τὸν
620 4112 845 4198 φόνον,
888 4106 1179 4192 Delphos
1232 4101 1549 4191 profectus
1586 4110 1684 4165 est
1728 4101 1918 4165 deum
1973 4101 2399 4168 adhibiturus.

294 4212 515 4277 Prima
567 4210 775 4299 specie
834 4209 967 4273 leve
1026 4206 1295 4288 videtur,
1349 4205 1522 4293 quod
1573 4206 1655 4270 de
1707 4224 1895 4268 curru
1952 4203 2086 4267 Laii
2139 4204 2404 4271 tradunt
