3125 5009
670 330 768 396 42
1279 349 1733 399 ΑΝΤΙΜΑεΗι
1772 347 2178 403 amonuit.

671 500 844 564 tione
870 521 1022 565 sane
1050 508 1168 578 est,
1200 501 1373 587 quod
1407 500 1579 565 favet
1610 501 1890 588 opinioni
1920 520 2156 576 eorum,
2183 496 2297 583 qui
2329 494 2560 559 Latino
2580 492 2775 578 scrip-

677 603 801 667 tori
829 602 1176 667 Thebaidis
1219 603 1417 667 nostri
1465 602 1753 667 imitandi
1802 602 2088 667 studium
2133 599 2446 662 tribuunt.
2540 592 2707 658 Nam
2740 616 2779 657 a

677 705 914 771 talibus
956 705 1127 770 vitiis
1180 704 1464 770 Statium
1516 705 1777 769 minime
1823 705 2097 768 liberum
2152 724 2314 779 esse,
2359 698 2597 785 saepius
2638 698 2778 783 jam

678 808 1191 873 animadversum
1241 807 1406 873 esa*
1514 806 1710 881 Quod
1765 814 1982 871 autem
2034 804 2295 869 Homeri
2348 801 2781 867 aemulatorem

681 917 972 974 nostrum
1013 912 1202 975 modo
1239 910 1546 991 diximuS,
1574 909 1733 988 haec,
1762 909 1815 973 si
1863 907 2240 995 Porphyrio,
2275 904 2549 992 Longini
2590 902 2784 967 disci-

683 1011 857 1097 pulo,
885 1012 1224 1093 credimus,
1264 1035 1388 1078 non
1430 1034 1605 1077 mera
1642 1011 1915 1076 imitatio
1953 1010 2114 1103 fuit:
2172 1010 2281 1073 sed
2338 1008 2606 1095 principi
2636 1030 2787 1094 poe-

685 1122 894 1179 tarum
919 1136 1089 1203 saepe
1111 1138 1249 1194 sua,
1267 1116 1677 1202 integrosque
1696 1115 1856 1179 adeo
1878 1112 2225 1179 versiculos
2245 1112 2597 1177 suffuratus
2615 1118 2785 1190 est.†

690 1214 817 1279 Hic
846 1217 1109 1304 quidem
1137 1239 1397 1282 causam
1427 1217 1482 1303 ej
1495 1240 1569 1281 us
1599 1217 1919 1303 suspicere
1949 1215 2131 1296 velle,
2162 1215 2355 1280 hodie
2386 1214 2785 1279 temerarium

687 1329 874 1398 esset,
893 1342 1287 1406 quamquam
1312 1304 1550 1385 crimen
1576 1319 1676 1382 vel
1706 1340 1784 1383 ex
1813 1340 1887 1383 eo
1917 1318 2246 1397 minuitur,
2266 1318 2438 1405 quod
2469 1340 2508 1381 a
2537 1318 2787 1381 nemine

687 1421 1125 1508 antiquiorum
1152 1421 1537 1487 Antimacho
1559 1423 1904 1508 objectum,
1922 1423 1989 1485 in
2008 1422 2311 1508 scriptore
2333 1421 2590 1485 demum
2620 1420 2790 1485 tertii

692 1524 892 1587 seculi
941 1524 1345 1596 offendimus.
1448 1524 1671 1610 Majus
1718 1533 1874 1604 erat,
1913 1523 2087 1611 quod
2118 1524 2259 1610 jam
2300 1545 2496 1611 supra
2534 1522 2668 1587 dixi
2724 1522 2791 1586 in

691 1634 884 1711 poeta
928 1627 1400 1712 reprehensum,
1437 1626 1663 1693 vitium
1704 1648 1784 1691 ex
1826 1625 2065 1690 enormi
2110 1625 2497 1714 loquacitate
2542 1634 2606 1691 et
2648 1648 2794 1713 pro-

691 1727 960 1805 lixitate,
989 1730 1091 1793 cui
1134 1730 1221 1792 ita
1262 1730 1636 1807 indulserat,
1668 1738 1740 1793 ut
1773 1728 1939 1793 idem
1983 1729 2239 1807 valeret,
2266 1727 2647 1814 ambagibus
2691 1728 2785 1791 uti

691 1840 756 1894 et
810 1830 1232 1895 Antimacheo
1275 1853 1446 1895 more
1490 1831 1686 1918 loqui.
1796 1831 2125 1896 Habemus
2179 1832 2377 1919 hujus
2424 1832 2510 1895 rei
2565 1842 2789 1896 testem

692 1936 903 1999 locum
933 1935 1272 1999 classicum
1305 1934 1661 2013 Plutarchi,
1692 1935 1777 1998 ob
1807 1933 2195 2021 singularem
2219 1934 2605 2021 elegantiam
2636 1934 2793 1997 mihi

694 2037 762 2100 in
793 2038 1078 2124 margine
1113 2037 1633 2124 apponendum‚‡
1675 2036 1851 2101 unde
1894 2037 2124 2116 elucet,
2166 2038 2467 2123 ambages
2506 2037 2798 2102 Antima-

699 2322 815 2383 Καὶ
841 2329 953 2403 γὰρ
979 2324 1028 2382 εἴ
1049 2350 1100 2383 τι
1122 2327 1375 2403 τεχνικόν
1403 2326 1519 2384 ἔστι
1543 2326 1699 2403 παρά
1723 2350 1831 2383 τινι
1854 2334 1964 2383 τῶν
1983 2334 2223 2396 ποιητῶν
2245 2323 2408 2401 ὕψος,
2437 2322 2584 2383 πολὺ
2611 2325 2674 2383 τὸ
2701 2349 2799 2403 με·

693 2420 1097 2495 μηχανημένον
1117 2416 1235 2495 ἔχει
1258 2420 1346 2475 καὶ
1369 2418 1701 2495 στομφῶδες,
1730 2425 2068 2497 μεταφοραῖς
2086 2419 2375 2495 χρώμενον
2402 2409 2479 2483 ὡς’
2497 2422 2565 2475 τὰ
2587 2421 2797 2486 πολλὰ,

697 2508 949 2587 καθάπερ
984 2510 1046 2567 τὸ
1085 2508 1503 2587 Ἀντιμάχειον.
1592 2507 1687 2566 Cf.
1721 2507 1968 2566 Bentleii
2005 2507 2115 2586 Ep.
2149 2507 2223 2567 ad
2256 2507 2403 2567 Mill.
2435 2527 2493 2586 p.
2526 2509 2665 2568 460.
2698 2508 2792 2568 ed.

697 2599 850 2678 Lips.
1199 2617 1204 2621 ·

778 2694 809 2726 ⁴*
853 2692 948 2749 Cf.
985 2692 1181 2751 Barth.
1215 2692 1288 2751 ad
1321 2693 1473 2752 Stat.
1502 2692 1614 2753 Th.
1640 2694 1713 2750 V.
1744 2694 1845 2752 92.

779 2795 814 2853 †
862 2784 934 2844 V.
969 2784 1061 2843 Fr.
1096 2786 1190 2843 LI.
1222 2805 1350 2863 sqq.
1384 2785 1536 2843 Cum
1565 2785 1639 2843 de
1668 2805 1726 2844 re
1754 2804 1870 2844 non
1900 2785 2071 2865 plane
2104 2794 2351 2857 constet,
2382 2805 2473 2845 me
2501 2786 2801 2847 defensore

697 2887 868 2956 poeta
902 2896 1014 2935 non
1055 2887 1208 2955 eget.
1295 2877 1412 2936 Sed
1445 2876 1557 2956 legi
1593 2887 1903 2951 merentur,
1934 2898 2069 2956 quae
2096 2877 2169 2945 de
2200 2878 2425 2956 poetico
2451 2879 2644 2959 plagio
2676 2900 2795 2939 mo-

697 2972 822 3029 nuit
851 2971 1163 3035 Burmann.
1198 2971 1330 3029 Sec.
1361 2970 1434 3028 ad
1467 2970 1691 3030 Lotich.
1722 2991 1781 3049 p.
1812 2972 1952 3029 259.

779 3072 804 3134 Ι
851 3062 942 3121 De
965 3062 1240 3122 Garrulit.
1271 3081 1329 3140 p.
1361 3064 1500 3121 513.
1570 3062 1742 3123 '‘Em-c
1772 3071 1898 3142 τρία
1920 3067 2057 3140 γένη
2085 3074 2195 3123 τῶν
2224 3064 2363 3142 πρὸς
2390 3070 2492 3132 τὰς
2513 3066 2799 3143 έρωτῆσεις

695 3160 1060 3234 ἀποκρίσεων,
1090 3158 1151 3215 τὸ
1183 3156 1290 3234 μὲν
1327 3160 1666 3231 ἀναγκαῖον,
1695 3159 1756 3215 τὸ
1797 3156 1855 3215 δὲ
1888 3155 2307 3236 φιλάνθρωπον,
2330 3157 2391 3216 τὸ
2432 3157 2490 3217 δὲ
2518 3165 2803 3236 περισσόν.

698 3247 841 3309 Οἶον
883 3248 1201 3327 πυθομένου
1243 3250 1414 3321 τινὸς,
1453 3254 1499 3307 εἰ
1539 3252 1834 3327 Σωκράτης
1872 3250 2125 3319 ἕνδον,’ὁ
2162 3249 2269 3327 μὲν
2309 3254 2489 3329 ὥσπερ
2528 3255 2677 3311 ἄκων
2714 3258 2803 3312 καὶ

697 3340 1040 3420 ἀπροθύμως
1057 3345 1411 3419 ἀποκρίνεται
1440 3342 1523 3401 τὸ·
1570 3340 1694 3401 Οὐκ
1722 3341 1895 3401 ἔνδον·
1923 3344 2025 3400 έὰν
2055 3342 2112 3401 δὲ
2139 3340 2417 3416 βούληται
2447 3345 2802 3416 λακωνίζειν,

699 3439 786 3494 καὶ
824 3436 887 3493 τὸ
932 3434 1092 3494 ἔνδον
1135 3438 1382 3512 ἀφελὼν,
1433 3438 1609 3505 αὐτὴν
1653 3438 1835 3513 μόνην
1881 3434 2181 3514 φθέγξεται
2223 3445 2324 3506 τὴν
2358 3439 2668 3516 ἀπόφασιν,
2698 3440 2801 3513 (ὡς

697 3530 912 3598 ἐκεῖνοι,
938 3532 1218 3585 Φιλίππου
1247 3528 1598 3604 γράψαντος,
1622 3530 1668 3585 εἶ
1697 3526 1951 3605 δέχονται
1978 3532 2046 3607 τῇ
2066 3530 2225 3586 πόλει
2256 3529 2450 3598 αὺτὸν,
2476 3532 2555 3595 εἷς
2580 3531 2801 3609 χάρτην

699 3618 802 3691 034
817 3623 969 3698 μέγα
993 3621 1318 3697 γράψαντες
1339 3620 1707 3693 ἀπέστειλαν)
1730 3622 1761 3677 ὀ
1783 3619 1840 3677 δὲ
1867 3618 2395 3699 φιλανθρωπότερον
2422 3624 2799 3700 ἀποκρίνεται·

700 3711 823 3770 Oine
849 3712 1031 3783 ἐ’νδον,
1061 3713 1194 3771 ἀλλ’
1213 3713 1301 3771 έπὶ
1323 3706 1446 3779 ταῖς
1473 3714 1796 3789 τραπέζαις,
1827 3710 1931 3789 κᾷν
1960 3704 2235 3787 βούληται
2272 3726 2800 3793 προσεπιμετρῆσαι,

698 3808 885 3872 ξένους
907 3808 1064 3870 τινας
1089 3806 1199 3863 ἐκεῖ
1220 3808 1546 3884 περιμένων.
1625 3802 1698 3860 Ὁ
1721 3803 1780 3862 δὲ
1807 3806 2054 3883 περιττὸς
2075 3808 2163 3864 καὶ
2191 3804 2526 3884 ἀδολέσχης,
2552 3809 2627 3866 ἄν
2645 3833 2712 3882 γε
2734 3808 2799 3880 δὴ

697 3898 841 3979 τύχῃ
870 3900 957 3954 καὶ
994 3897 1093 3955 τὸν
1129 3895 1492 3976 Κολοφώνιον
1519 3901 1852 3972 ἀνεγνωκὼς
1888 3897 2259 3976 Ἀντίμαχον,
2299 3896 2373 3971 (si
2401 3899 2577 3975 probe
2606 3900 2801 3959 animo

699 3988 947 4048 tenuerit
969 3988 1383 4047 Antimachum
1406 3990 1605 4063 suum)
1629 3988 1753 4048 Οὐκ
1771 3988 1951 4060 ἔνδον,
1974 3992 2162 4069 φησὶν,
2181 3991 2312 4049 ἀλλ’
2333 3992 2421 4049 ἐπὶ
2445 4001 2567 4058 ταῖς
2594 3998 2797 4071 τραπέ-

700 4087 846 4153 ζαις,
876 4084 1065 4150 ξένους
1099 4080 1636 4160 ἀναμένωνἼωνας,
1666 4082 1805 4160 ὑπὲρ
1837 4080 1917 4141 ὦν
1946 4087 2095 4162 αὐτῷ
2132 4087 2415 4163 γέγραφεν
2434 4083 2801 4159 Ἀλκιβιάδης

700 4179 822 4255 περὶ
847 4180 1106 4246 Μίλητον
1133 4172 1235 4247 ὢν,
1267 4177 1354 4232 καὶ
1383 4180 1536 4253 παρὰ
1565 4179 1918 4257 Τισσαφέρνη
1948 4175 2273 4255 διατρίβων,
2306 4182 2381 4255 τῷ
2414 4186 2507 4236 τοῦ
2542 4181 2801 4256 μεγάλου
