3125 5009
1034 330 1475 379 ΑΝΤΙΜΑοι-ιῐ
1519 334 1723 381 vim.
2344 316 2427 385 15

335 473 724 540 Antimacho
750 478 952 563 ponit,
987 478 1154 543 sed
1125 503 1436 566 Juvenem
1465 482 1680 546 adhuc
1711 504 1785 547 eo
1816 492 2117 571 tempore,
2148 508 2279 572 quo
2310 484 2430 550 iste

321 575 464 661 jam
498 577 803 644 facultate
831 581 1128 647 carminis
1154 582 1420 669 gloriam
1445 584 1807 672 famamque
1826 585 1949 649 sibi
1972 586 2428 673 comparasset.

333 670 562 766 Itaque
592 680 752 744 nihil
783 682 1034 749 obstare
1057 694 1234 770 pute,
1265 707 1396 772 quo
1429 686 1639 750 minus
1670 696 1958 751 nostrum
1982 700 2233 775 poetam
2262 690 2432 755 circa

331 780 592 868 Olymp.
627 783 730 847 83.
761 796 988 849 natum
1027 786 1337 852 dicamus.
1429 788 1677 853 Floruit
1716 799 1953 869 autem,
1996 800 2069 853 ut
2107 791 2428 856 Diodorus

329 884 630 971 prodidit,
649 887 754 949 cui
777 897 998 952 auctor
1019 899 1131 965 τῆς
1147 888 1594 974 Ὀλυμπιάδων
1614 890 1988 978 ἀναγραφῆς
2011 894 2428 974 assenl·‚il:u1·,'¹¹g

329 997 609 1075 tempore
648 989 924 1054 maxime
951 991 1102 1058 belli
1134 991 1680 1078 Peloponnesiaci,
1714 992 1776 1057 h.
1809 1016 1863 1057 e.
1907 993 2169 1081 Olymp.
2203 998 2309 1063 92.
2346 998 2427 1061 A.

331 1088 491 1154 Chr.
523 1090 670 1154 412.
701 1091 806 1154 Ab
831 1092 910 1155 V.
946 1092 1022 1156 C.
1057 1093 1208 1157 .34.2
1241 1094 1410 1158 ultra
1437 1093 1611 1181 quod
1638 1103 1891 1181 tempus
1922 1105 2135 1160 tamen
2168 1108 2425 1163 aetatem

330 1192 708 1277 produxisse
733 1195 1060 1281 probabile
1082 1195 1180 1259 fit.

317 1306 328 1311 ’
417 1295 522 1361 De
571 1298 1072 1383 praeceptoribus
1126 1308 1452 1385 praeterea,
1509 1299 1790 1386 Panyasi
1848 1309 1915 1363 et
1979 1262 2425 1381 StesimbrotO,

327 1398 562 1483 quibus
599 1422 754 1463 usus
790 1408 1003 1463 noster
1047 1400 1261 1480 fuerit,
1293 1424 1443 1488 quae
1485 1400 1723 1466 Suidas
1762 1402 1978 1480 habet,
2010 1426 2047 1467 e
2078 1426 2209 1491 quo
2248 1406 2425 1471 fonte

327 1499 648 1579 fluxerint,
693 1524 822 1567 non
868 1502 1073 1567 habeo
1111 1503 1342 1568 dicere.
1435 1503 1780 1591 Nusquam
1819 1505 1973 1568 alibi
2018 1506 2189 1570 illius
2234 1507 2424 1573 famae

326 1603 666 1689 vestigium
708 1604 940 1685 inveni,
972 1627 1236 1692 eamque
1276 1628 1390 1691 pro
1432 1618 1609 1671 certa
1652 1608 1950 1694 equidem
1992 1608 2228 1673 nemini
2275 1633 2427 1675 ven-

327 1706 548 1772 ditem.
669 1707 987 1795 Panyasis
1040 1707 1146 1773 hic
1192 1708 1371 1773 innui
1433 1710 1684 1773 videtur
1731 1710 2191 1775 celeberrimus·
2233 1723 2423 1797 poeta

325 1805 568 1892 epicuS,
621 1806 946 1872 Heracleae
999 1817 1241 1887 auctor,
1290 1829 1482 1893 quem
1531 1807 1999 1894 Olympiadum
2055 1808 2423 1896 Descriptio

325 1908 514 1971 modo
559 1908 821 1972 laudata
857 1931 1002 1973 cum
1057 1908 1198 1973 aliis
1245 1910 1415 1974 circa
1467 1907 1727 1995 Olymp.
1776 1908 1879 1971 78.
1912 1908 1979 1971 in
2018 1910 2179 1973 vivis
2224 1909 2423 1975 fuisse

323 2008 580 2087 docet.†
667 2008 1124 2076 Stesimbrotus
1165 2033 1307 2076 vero
1348 2010 1495 2097 quis
1535 2010 1746 2087 fuerit,
1791 2031 1916 2074 non
1962 2034 2147 2098 aeque
2176 2022 2419 2076 certum

319 2122 438 2175 est.
528 2109 651 2177 Sed
685 2114 985 2201 quoniam
1017 2137 1056 2178 a
1083 2113 1405 2198 Tatiano‡
1439 2136 1565 2177 una
1593 2134 1740 2177 cum
1758 2112 2095 2199 Theagene
2125 2112 2424 2201 Rhegino

321 2224 386 2279 et
417 2215 803 2280 Antimacho
832 2226 1049 2281 nostro
1079 2215 1538 2280 Stesimbrotus
1570 2215 1736 2279 inter
1764 2236 1871 2279 eos
1908 2216 2274 2296 adducitur,
2305 2217 2419 2305 qui

324 2317 406 2383 de
439 2317 718 2383 Homero
757 2318 1028 2405 ejusque
1059 2318 1232 2405 poesi
1263 2317 1655 2405 scripserint,
1686 2317 1989 2382 credibile
2020 2318 2114 2399 fit,
2157 2316 2427 2383 Stesim-

323 2421 574 2485 brotum
609 2418 826 2486 Suidae
858 2421 1102 2485 dictum
1133 2420 1406 2484 eundem
1434 2442 1596 2497 esse,
1621 2442 1811 2506 quem
1845 2419 2037 2484 Plato
2065 2420 2133 2483 in
2164 2420 2419 2507 dialogo

323 2524 604 2610 quodam
631 2524 827 2608 suo,§
857 2533 925 2589 et
953 2523 1164 2610 plures
1206 2522 1312 2586 alii
1353 2521 1695 2585 celebrant.
1786 2520 1981 2585 Hunc
2022 2531 2237 2587 autem
2282 2521 2427 2588 Ste-

407 2780 438 2813 *
482 2778 572 2836 Ad
604 2777 840 2857 Olymp.
885 2778 986 2848 93,
1033 2780 1093 2835 4.
1141 2776 1431 2841 Διονύσιος
1467 2786 1578 2834 τῶν
1618 2780 1982 2853 Συρακουσῶν
2026 2777 2271 2854 κυριεύει.
2354 2775 2423 2836 Ὁ

327 2872 842 2944 Πελοποννησιακὸς
859 2874 1102 2951 πόλεμος
1116 2869 1321 2935 τέλος”
1295 2894 1448 2948 εσχε.
1492 2873 1728 2947 Δαρεῖος
1749 2873 1979 2946 τελευτᾷ
1998 2870 2099 2946 ἄρ,
2078 2870 2169 2935 *ag
2192 2873 2425 2947 Περσῶν

326 2965 418 3037 ἔτη
446 2962 527 3024 ιθ.
609 2964 951 3043 Ἀντίμαχος
975 2973 1201 3034 ποιητὴς
1229 2964 1493 3041 ἤκμασεν.

408 3064 445 3127 †
490 3055 584 3115 Cf.
604 3056 677 3115 de
719 3075 789 3113 eo
832 3053 1136 3114 Eruditiss.
1176 3054 1367 3133 Heyn.
1411 3052 1485 3112 ad
1530 3048 1868 3130 Apollodor.
1901 3070 1961 3128 p.
2000 3052 2142 3110 991.
2178 3019 2425 3129 scripto-

325 3169 529 3230 resque
555 3148 634 3208 ibi
661 3147 887 3207 citatos,

405 3249 433 3313 Ι
472 3244 571 3302 Ἐν
603 3246 775 3323 Λόγῳ
815 3244 954 3323 πρὸς
983 3237 1278 3313 ’Έλληνας
1322 3242 1370 3311 ξ.
1413 3239 1513 3296 48.
1559 3256 1618 3315 p.
1669 3237 1802 3295 160.
1842 3234 1934 3293 ed.
1978 3234 2113 3293 Par.
2166 3240 2299 3315 Περὶ
2327 3247 2425 3307 τῆς

326 3340 593 3407 ποιὴσεως
623 3345 717 3395 τοῦ
735 3333 1002 3415 Ὁμήρου,
1029 3338 1226 3411 γένους
1255 3356 1312 3392 τε
1353 3334 1519 3391 αὐτοῦ
1561 3332 1653 3389 καὶ
1692 3332 1920 3408 χρόνου,
1949 3327 2074 3387 καθ’
2101 3329 2167 3388 ὃν
2195 3332 2425 3408 ἤκμασε,

325 3430 744 3508 προηρεῦνησαν
779 3429 830 3487 οἱ
868 3426 1239 3506 πρεσβῦτατοι
1276 3423 1382 3505 μὲν
1409 3426 1697 3498 Θεαγένης
1722 3424 1752 3481 ὁ
1778 3419 2065 3497 Ῥηγῖνος,
2096 3426 2233 3480 κατὰ
2263 3428 2425 3500 Καμ-

323 3520 512 3597 βῦσην
559 3524 828 3597 γεγονὼς,
872 3524 960 3579 καὶ
1005 3516 1418 3596 Στησίμβροτός
1466 3540 1523 3574 τε
1565 3517 1595 3574 ὁ
1633 3515 1865 3584 Θάσιος,
1895 3516 1982 3572 καὶ
2010 3513 2351 3593 Ἀντίμαχος
2394 3515 2424 3571 ὁ

327 3616 697 3694 Κολοφώνιος,
723 3612 1015 3691 Ἡρόδοτός
1043 3637 1100 3672 τε
1128 3612 1158 3668 ὁ
1184 3604 1678 3686 Ἀλικαρνασσεῦς,
1717 3610 1806 3663 καὶ
1844 3605 2135 3671 Διονύσιος
2164 3608 2194 3663 ὁ
2221 3606 2436 3665 Ὀλῦν-’

328 3707 471 3774 Sanc.
578 3704 769 3772 Quem
813 3704 1006 3763 locum
1052 3699 1351 3779 exscripsit
1392 3697 1679 3756 Eusebius
1725 3696 1917 3773 Praep.
1968 3695 2191 3773 Evang.
2242 3696 2319 3755 X.
2368 3715 2426 3772 p.

325 3801 466 3859 491.
505 3796 599 3857 ed.
630 3797 762 3875 Vig.
806 3796 902 3854 ubi
935 3796 1082 3854 male
1123 3792 1334 3871 legitur
1373 3789 1752 3869 Καλλίμαχος
1788 3793 1818 3848 ὁ
1858 3788 2260 3868 Κολοφώνιοςι
2323 3787 2426 3847 sed

330 3893 406 3952 ibi
436 3890 707 3951 mendum
729 3889 856 3969 jam
885 3886 1213 3947 indicarunt
1240 3883 1474 3944 Jonsius
1501 3882 1578 3941 de
1606 3880 1815 3959 Script.
1849 3881 1927 3940 H.
1954 3880 2023 3939 P.
2060 3881 2113 3951 l,
2145 3880 2200 3938 3.
2234 3899 2292 3958 p.
2322 3882 2423 3939 20.

327 3996 387 4046 et
416 3983 712 4043 Bentleius
739 3982 810 4041 ad
842 3978 1185 4040 Callimacb.
1271 3976 1366 4036 Fr.
1401 3976 1538 4034 390.
1570 3994 1629 4053 p.
1661 3974 1800 4032 561.
1833 3972 1926 4031 ed.
1960 3972 2097 4031 Ern.

411 4085 440 4153 ς
481 4076 606 4136 Ion.
635 4096 695 4154 p.
735 4076 826 4133 12.
857 4073 950 4133 ed.
985 4071 1199 4131 Miiller
1227 4070 1300 4129 V.
1333 4067 1426 4127 Cl.
1457 4076 1517 4125 et
1545 4066 1623 4126 ibi
1654 4065 1820 4138 Not„
1858 4084 1993 4144 quse
2024 4061 2427 4141 Xenophontis

329 4180 665 4247 ceterosque
691 4168 850 4227 locos
878 4164 1174 4225 indicabit.
