3125 5009
720 344 813 413 94
1336 365 1780 415 AN¹r1MAcffl
1821 364 1913 411 RE
1925 360 2224 418 LtQmAE.

718 536 865 579 cum
896 515 1214 581 similibus
1246 516 1488 581 multis.
1542 515 1794 604 ’Ἄκτωρ
1826 521 2039 579 exstat
2067 535 2168 600 ap.
2203 507 2497 594 AEschyl.
2561 504 2831 569 Eumen.

717 619 894 697 402„
920 619 1030 683 ubi
1066 642 1119 683 v.
1154 618 1369 706 Intpp.
1400 629 1465 684 et
1506 619 1940 707 reponendum
1980 615 2142 680 forte
2169 623 2268 677 est
2305 612 2371 676 in
2405 609 2595 673 Hom.
2629 605 2829 691 Hym.

720 719 842 799 VI,
882 724 1007 800 55„
1052 721 1161 785 ubi
1208 743 1381 786 nunc
1428 723 1550 809 leg.
1595 719 1684 788 δῖε
1725 728 1949 807 κάτωρ,
1995 726 2065 782 ut
2113 716 2430 782 scribatur
2483 710 2560 780 δῖ’
2607 710 2833 797 ἄκτωρ.

720 822 855 887 Aut
890 844 925 886 e
964 821 1109 888 cod.
1144 822 1429 887 Moscov.
1464 846 1563 910 ap.
1600 822 1701 886 Ill.
1734 820 2088 886 Ruhnken.
2131 818 2256 905 Ep.
2299 816 2444 881 crit.
2488 836 2552 899 p.
2591 812 2697 876 60.
2724 824 2836 875 ex-

720 925 1145 1011 sculpendum
1187 922 1265 991 32⁶
1313 925 1568 1013 ἔλατ-ἥρ,
1609 925 1786 1012 quod
1837 946 1938 989 me
1980 921 2204 987 docuit
2248 917 2569 1007 Egregius
2621 921 2837 978 noster

720 1026 941 1107 Wolf„
972 1035 1038 1091 et
1066 1027 1328 1092 omnino
1356 1028 1563 1115 magis
1595 1028 1806 1115 placet
1835 1026 1916 1090 de
1942 1024 2360 1113 gubernatore
2389 1020 2591 1083 navis,
2667 1015 2834 1081 Nam

721 1128 925 1193 forma
970 1130 1251 1193 solennis
1299 1137 1396 1193 est
1446 1130 1731 1197 ἐλαύνειν
1778 1138 1915 1207 νῆα,
1961 1138 2033 1192 ut
2071 1126 2139 1190 in
2190 1124 2434 1210 odyss.
2475 1141 2666 1207 saepe.
2757 1118 2836 1183 In

719 1231 1151 1297 Antimacheo
1168 1253 1347 1296 versu
1362 1230 1614 1296 Mstum
1627 1230 1852 1295 Batav.
1876 1229 2094 1317 Etym.
2111 1228 2207 1292 M.
2213 1276 2232 1307 ,
2251 1221 2833 1291 notanteValcken.

722 1334 805 1397 ad
838 1334 1067 1401 Phoen.
1094 1357 1157 1421 p.
1182 1334 1331 1398 607.
1340 1381 1359 1412 ,
1378 1334 1624 1419 praebet
1653 1338 1714 1400 οἱ
1743 1337 1893 1410 τῶν,
1920 1332 2091 1396 unde
2120 1329 2202 1393 ab
2227 1328 2449 1394 eodem
2480 1323 2836 1391 restituitur

719 1436 1039 1522 integrum
1070 1445 1303 1523 caput:
1340 1433 1574 1502 Ὅσσοι
1604 1439 1739 1502 σῶν
1768 1464 1834 1521 μ.
1868 1464 1912 1501 ε.
1941 1463 1985 1500 ε.
2013 1464 2069 1502 κ.
2161 1433 2265 1497 An
2295 1431 2424 1497 alia
2453 1427 2836 1494 auctoritate

720 1547 929 1623 poetae
960 1541 1191 1625 ἕρκτωρ
1223 1536 1411 1602 hodie
1442 1537 1646 1624 possit
1675 1537 1932 1616 muniri,
1957 1537 2258 1625 equidem
2281 1533 2514 1599 nescio.
2561 1530 2836 1597 Versum

722 1641 1134 1727 probabiliter
1160 1664 1197 1706 e
1228 1641 1406 1728 Lyde
1436 1640 1710 1727 petitum
1741 1662 1902 1719 esse,
1933 1640 2234 1727 opinatur
2262 1635 2579 1702 Valcken.
2614 1634 2656 1698 l.
2689 1654 2747 1698 c.

1615 2022 1950 2088 XXXIX.

722 2250 983 2317 Senot..
1016 2252 1318 2339 Apollon.
1352 2253 1484 2319 Rh.
1514 2254 1565 2335 I,
1588 2254 1739 2317 211.
1833 2256 2116 2327 Τούτους
2146 2256 2238 2331 (n.
2268 2250 2466 2314 Zeten
2491 2258 2556 2314 et
2581 2249 2837 2331 Calain)

718 2357 781 2420 ἐκ
840 2353 1160 2442 διαφόρων
1210 2359 1427 2423 τόπων
1480 2355 1869 2439 συμπλεῦσαι
1913 2363 2051 2430 τοῖς
2103 2355 2564 2441 Ἀργοναύταις
2616 2360 2833 2440 φασίν.

721 2461 800 2523 Οἱ
846 2464 960 2541 μὲν
1004 2460 1131 2545 γὰρ
1178 2464 1243 2525 ἐκ
1288 2460 1561 2545 Θράκης,
1605 2462 1694 2551 ᾡς
1722 2456 2192 2551 Ἀπολλώνιος·
2239 2454 2612 2543 Ἡρόδωρος
2658 2454 2722 2523 δὲ
2771 2460 2836 2523 ἐκ

721 2558 1066 2637 Δαυλίδος·
1118 2567 1355 2647 Δοῦρις
1390 2558 1454 2627 δὲ
1484 2559 1551 2635 ἐξ
1580 2558 2052 2647 Ὑπερβορέων·
2101 2558 2445 2644 Καταλέγει
2474 2556 2540 2625 δὲ
2569 2562 2838 2637 τούτους

718 2667 815 2727 καὶ
843 2662 1254 2750 Ἀντίμαχος·
1300 2660 1653 2739 Φανόδικος
1685 2660 1746 2729 δὲ
1773 2665 1839 2729 ἐν
1864 2663 1902 2729 ἆ
1931 2660 2269 2739 Δηλιακῶν
2292 2659 2360 2735 ἐξ
2383 2658 2834 2748 Ὑπερβορέων

718 2765 949 2840 αὐτοὺς
979 2763 1186 2832 ἐλθεῖν
1214 2768 1314 2831 ἐπὶ
1343 2767 1457 2831 τὸν
1486 2763 1720 2832 πλοῦν.
1810 2764 1919 2828 Ad
1952 2763 2171 2850 Lyden
2212 2761 2489 2849 pertinet
2527 2762 2667 2843 hoc,
2699 2786 2834 2851 quo

718 2863 783 2926 in
835 2866 1116 2930 carmine
1168 2865 1689 2953 Argonautarum
1741 2888 1841 2930 res
1891 2864 2150 2931 uberius
2197 2886 2238 2928 a
2283 2874 2472 2951 poeta
2521 2872 2833 2931 tractatas

716 2986 875 3045 esse,
906 2988 1104 3053 supra
1132 2968 1275 3053 jam
1304 2966 1545 3032 monui.
1640 2967 1859 3054 Atque
1889 2988 1970 3031 ex
2011 2966 2134 3031 hoc
2175 2966 2421 3031 scholio
2463 2988 2648 3053 paene
2677 2967 2830 3055 quis

712 3068 1038 3153 conjiciat,
1086 3090 1127 3133 a
1176 3069 1490 3157 principio
1540 3077 1607 3134 et
1651 3069 1872 3135 ordine
1925 3069 2174 3134 illorum
2222 3069 2341 3133 iter
2392 3070 2835 3156 percensuisse

713 3170 1199 3237 Antimachum.

1705 3456 1846 3523 XL.

711 3686 901 3750 IDEM
960 3686 1017 3767 Ι,
1074 3686 1284 3765 1289„
1336 3685 1447 3750 ubi
1499 3685 1580 3749 de
1641 3685 1942 3765 Hercule,
1993 3686 2514 3773 Argonautarum
2564 3688 2826 3770 comite,

705 3789 910 3854 varias
934 3796 1265 3853 auctorum
1291 3787 1682 3860 narrationes
1705 3788 2129 3876 persequitur,
2152 3789 2324 3876 quod
2346 3790 2610 3854 doctum
2635 3790 2830 3863 scho-

706 3892 837 3957 lion
857 3913 931 3955 eo
947 3890 1153 3977 magis
1172 3900 1377 3955 totum
1396 3912 1734 3977 apponam,
1747 3914 1893 3956 cum
1916 3891 2020 3954 hic
2037 3890 2430 3955 scholiastes
2450 3892 2663 3956 nonin
2682 3915 2827 3958 om-

706 3994 886 4058 nium
916 3992 1212 4057 manibus
1242 3993 1328 4057 sit
1352 4017 1367 4055 :
1406 3992 1865 4069 “Ἀπολλώνιος
1892 3998 2006 4079 μὲν
2036 3992 2490 4080 ἀπολελεῖφθαι
2521 4002 2673 4080 φησὶ
2703 3998 2826 4064 τὸν

704 4095 1017 4183 Ἠρακλέα
1066 4100 1206 4181 περὶ
1269 4101 1451 4173 Κίον,
1506 4092 1783 4181 ἐκβάντα
1836 4100 1933 4162 ἐπὶ
1991 4098 2108 4173 τὴν
2158 4102 2270 4161 τοῦ
2313 4094 2484 4161 ’Ὕλα
2537 4097 2824 4176 ζήτησιν.

709 4202 1051 4273 Διονύσιος
1094 4195 1159 4264 δὲ
1208 4202 1245 4264 ὁ
1278 4195 1715 4273 Μιτυληναῖος
1747 4196 2276 4283 συμπεπλευκέναι
2311 4202 2460 4284 φησὶ
2500 4200 2614 4266 τὸν
2644 4200 2829 4287 ἥρωα
