3125 5009
1223 350 1470 399 THEBA
1486 350 1572 401 is.
2354 332 2446 399 77

340 501 415 558 Θ.
448 494 597 557 924.
630 496 823 571 αὐτὸς
852 496 933 561 de
960 496 1122 563 Jove
1170 497 1527 563 Minervam
1575 522 1610 563 e
1650 500 1862 586 capite
1903 522 2022 565 suo
2061 508 2450 587 procreante.

339 595 533 682 Apud
566 595 842 662 Statium
872 600 1129 665 Arionis
1148 622 1317 687 saepe
1337 602 1600 681 menti0,
1623 610 1696 665 ut
1719 624 1758 665 a
1784 600 2089 687 Neptuno
2120 601 2453 687 procreati,

338 700 447 763 sed
492 709 760 765 matrem
805 724 933 767 non
974 703 1205 788 prodit.
1250 727 1309 768 v.
1360 704 1580 791 potiss,
1627 703 1745 782 IV,
1782 706 1886 769 43.
1934 703 2055 783 VI,
2103 704 2250 768 301.
2303 726 2450 793 sqq.

338 801 488 865 447.
515 804 660 867 503.
680 805 827 868 529.
855 804 965 869 ubi
989 806 1371 894 plerumque
1395 806 1644 871 notavit
1669 804 1872 871 Barth
1884 804 2451 892 .-SCH.-Lege

342 904 535 971 nAP'
561 907 852 973 ἐπαινετώ
887 907 1125 983 ἤλασεν
1147 907 1573 975 ἵππω-ΕΙ..

1319 1276 1475 1341 ΧΧ.

380 1482 521 1575 ”Ος
558 1482 645 1599 ἑά
680 1484 839 1566 ποτ’
866 1481 1220 1590 Ἀδράστῳ
1255 1482 1553 1590 τριτάτῳ
1595 1486 1666 1587 ’γ’
1703 1482 1918 1595 ἓὸμῆθ’
1958 1488 2082 1568 ὑπ’
2116 1485 2392 1570 ἄνακτι.

347 1721 669 1784 ΡΑυεΑΝ.
702 1719 743 1781 l.
777 1739 832 1782 c.
872 1740 934 1804 p.
979 1718 1126 1782 651.
1159 1717 1238 1781 de
1280 1716 1514 1781 Arione
1558 1717 1774 1781 adhuc
1821 1719 2140 1807 loquens:
2193 1729 2448 1811 Λέγεται

344 1830 439 1891 καὶ
460 1819 685 1889 τοιάδε·
716 1819 1030 1908 Ἠρακλέα
1058 1819 1459 1903 πολεμοῦντα
1484 1819 1766 1896 Ἠλείοις
1791 1826 2029 1899 αἰτῆσαι
2048 1824 2194 1912 παρ’
2208 1825 2456 1914 ’Όγκου

342 1928 456 1992 τὸν
498 1926 721 2001 ἵππον,
763 1926 859 1988 καὶ
892 1921 1057 1988 ἑλεῖν
1090 1924 1207 1998 τὴν
1231 1919 1430 1987 Ἦλιν
1476 1926 1572 1987 ἐπὶ
1606 1926 1692 2006 τῷ
1731 1922 1974 2008 Ἀρίονι
2005 1926 2363 2010 ὀχοῦμενον
2391 1932 2457 2002 ἐς

343 2030 458 2103 τὰς
502 2024 735 2113 μάχας·
795 2022 1056 2101 δοθῆναι
1104 2022 1167 2090 δὲ
1214 2025 1338 2091 ὑπὸ
1382 2022 1770 2110 Ἡρακλέους
1817 2025 2082 2111 ὕστερον
2128 2023 2456 2113 Ἀδράστῳ

342 2130 457 2195 τὸν
483 2129 705 2193 ἵππον.
797 2125 942 2190 Ἐπὶ
989 2128 1191 2191 τοΰτω
1234 2121 1297 2191 δὲ
1350 2128 1415 2199 ἐς
1460 2125 1577 2190 τὸν
1610 2125 1873 2211 Ἀρίονα
1918 2128 2207 2201 ἐποίησεν
2251 2125 2459 2193 Ἀντί-

342 2250 575 2318 μαχος·
652 2228 776 2304 ’Ὀς
798 2226 885 2314 ῥά
926 2257 980 2293 κ.
1022 2225 1421 2292 λ.-Ρι·ωῑθι·
1454 2226 1628 2290 hunc
1679 2247 1931 2289 versum
1980 2227 2033 2289 si
2075 2248 2204 2291 non
2242 2227 2457 2313 plures

344 2333 426 2398 de
456 2331 694 2395 Arione
724 2329 1144 2415 adscripscrat
1170 2328 1624 2408 AntimachuS,
1650 2327 1812 2391 nihil
1841 2328 1991 2391 inde
2018 2328 2192 2392 aliud
2225 2330 2455 2394 confici

344 2440 613 2519 poterat,
642 2452 838 2519 quam
870 2429 1041 2493 illius
1083 2428 1339 2493 tertium
1381 2450 1812 2515 possessorem
1838 2428 2190 2493 Adrastum
2231 2429 2454 2495 fuisse.

348 2534 658 2602 Nonnihil
689 2534 856 2597 enim
878 2532 1190 2597 variatum
1214 2540 1312 2595 est
1336 2531 1400 2593 in
1430 2530 1672 2611 fabula,
1691 2538 1766 2594 ut
1793 2531 2076 2594 videmus
2105 2531 2175 2594 in
2195 2529 2457 2596 Scholio

343 2638 453 2716 (ab
507 2635 815 2700 Eustath.
870 2634 1063 2699 etiam
1117 2633 1462 2720 exscripto)
1520 2633 1603 2695 ad
1659 2631 1732 2695 Il.
1785 2634 1854 2716 ψ.
1902 2633 2049 2696 346.
2145 2637 2458 2720 Κοπρεὺς,

342 2736 683 2825 Ἀλιάρτου
716 2735 1100 2814 Βασιλεΰων,
1130 2734 1383 2810 πόλεως
1425 2737 1753 2811 Βοιωτίας,
1787 2730 1983 2819 ἔλαβε
2024 2730 2234 2820 δῶρον
2266 2735 2461 2801 αὐτὸν

346 2843 516 2929 παρὰ
550 2835 974 2912 Ποσειδῶνος·
1020 2838 1209 2912 οὗτος
1240 2833 1303 2903 δὲ
1335 2836 1531 2901 αὐτὸν
1552 2832 1853 2921 Ἠρακλεῖ
1879 2838 2241 2921 ἐχαρίσατο,
2274 2864 2459 2922 γενο-

344 2947 507 3029 μένῳ
551 2940 697 3028 παρ’
743 2940 930 3024 αὐτῷ·
976 2941 1177 3024 τούτῳ
1226 2935 1290 3005 δὲ
1340 2934 1876 3022 διαγωνισάμενος
1922 2934 2242 3022 Ἡρακλῆς
2292 2937 2459 3022 πρὸς

350 3049 626 3123 Κύκνον,
656 3042 889 3128 Ἀρεος
932 3041 1095 3119 υἱὸν,
1126 3040 1263 3106 καθ’
1304 3034 1751 3125 ἱπποδρομίαν,
1783 3039 2062 3112 ἐνίκησεν
2102 3040 2169 3103 ἐν
2215 3041 2304 3123 τῷ
2349 3046 2461 3103 τοῦ

352 3150 725 3233 Παγασαίου
743 3142 1171 3218 ’Λπόλλωνος
1190 3146 1353 3229 ἱερῷ,
1374 3144 1410 3206 ὅ
1434 3143 1561 3206 ἐστι
1579 3140 1746 3225 πρὸς
1771 3138 2064 3226 Τροιζῆνι
2084 3143 2172 3217 (V.
2197 3137 2459 3203 Hesiod.

350 3247 529 3313 Scut.
566 3248 753 3311 Herc.
787 3246 963 3324 120.)
996 3244 1109 3311 εἶθ’
1158 3245 1423 3331 ὕστερον
1461 3241 1648 3316 αὖθις
1690 3245 1727 3306 ὁ
1773 3238 2096 3327 Ἡρακλῆς
2133 3237 2462 3328 Ἀδράστῳ

348 3355 463 3420 τὸν
518 3351 747 3418 πῶλον
802 3351 1141 3436 παρέσχεν,
1194 3345 1283 3431 ἐφ’
1341 3345 1417 3410 οὗ
1473 3345 1678 3427 μόνος
1731 3346 1768 3408 ὁ
1817 3338 2180 3428 Ἀδραστος
2236 3345 2299 3408 ἐκ
2349 3350 2463 3407 τοῦ

352 3452 680 3541 Θηβαϊκοῦ
719 3450 999 3535 πολέμου
1048 3445 1334 3525 διεσώθη,
1372 3449 1501 3511 τῶν
1546 3443 1773 3509 ἄλλων
1818 3441 2292 3526 ἀπολουμένων.
2383 3442 2460 3509 Ἡ

350 3560 594 3642 ἱστορία
623 3555 792 3639 παρὰ
823 3560 960 3626 τοῖς
994 3549 1353 3623 Κυκλικοῖς.
1440 3546 1573 3609 Sed
1612 3543 1696 3609 cf.
1731 3542 1892 3607 Stat.
1923 3542 2122 3606 Theb.
2158 3543 2282 3623 VI,
2312 3544 2463 3611 301.

354 3682 498 3746 sqq.
544 3657 653 3744 qui
701 3652 1161 3719 Antimachum
1208 3649 1297 3712 ibi
1348 3648 1533 3735 sequi
1577 3646 1848 3723 videtur,
1893 3652 2155 3708 notante
2192 3645 2332 3729 jam
2377 3645 2462 3709 N.

358 3759 589 3825 Lo'eusi
608 3757 802 3823 Misc.
817 3753 937 3842 Epi
948 3752 1053 3840 ph.
1072 3750 1127 3831 1,
1146 3751 1207 3814 6.
1254 3750 1383 3815 Pro
1399 3750 1538 3817 ποτ’
1558 3748 1623 3812 in
1644 3769 1830 3812 versu
1849 3747 1893 3812 f.
1908 3746 2031 3831 leg.
2049 3746 2199 3824 τοτ’,
2217 3755 2286 3810 at
2304 3746 2467 3809 nihil

356 3862 621 3927 definire
660 3857 895 3924 licebit.
986 3854 1115 3919 Pro
1145 3853 1206 3940 γ’
1234 3850 1449 3936 ἐδμήθ’
1489 3849 1726 3914 rectius
1767 3847 1978 3911 forsan
2020 3854 2191 3911 esset
2218 3836 2468 3933 δέδμηθ’

360 3965 422 4031 h.
470 3959 780 4047 ἐδέδμητο,
817 3959 899 4023 de
946 3979 1076 4044 quo
1113 3956 1250 4041 jam
1299 3953 1614 4018 monitum
1661 3949 1742 4015 ad
1791 3948 2074 4013 Pausan.
2165 3948 2465 4013 Ceterum

358 4065 479 4129 hoc
519 4064 946 4148 fragmentum
986 4079 1137 4123 cum
1177 4054 1464 4121 anteced.
1493 4053 1751 4118 duobus
1779 4052 1864 4115 ad
1902 4048 2298 4114 Thebaidem
2327 4070 2468 4135 per-

364 4164 651 4242 tinuisse,
684 4185 811 4227 non
844 4184 1005 4227 vana
1046 4160 1165 4225 erit
1195 4156 1586 4243 conjectura,
1624 4175 1771 4219 cum
1815 4154 1895 4217 de
1938 4151 2144 4237 priore
2188 4150 2472 4214 Pausau.
