3125 5009
718 338 820 404 32
1323 357 1770 406 ANTIMAcm
1811 356 2213 413 RELIQmAE.

717 516 930 572 autem
963 530 1001 571 a
1035 507 1361 593 Lysandro
1391 528 1625 571 corona
1653 508 1913 587 donato,
1946 507 2199 570 inferior
2240 504 2539 568 discessit
2568 511 2820 583 noster3·

716 609 889 695 quod
932 630 1082 673 cum
1131 631 1298 697 aegre
1349 610 1554 687 ferret,
1596 617 1662 673 et
1708 606 2495 695 versus-indignabundus
2524 606 2824 684 aboleret,

716 711 1015 775 solatium
1039 720 1197 776 tunc
1230 711 1506 798 praebuit
1530 710 1778 776 amicus
1810 711 2021 800 Plato,
2050 710 2241 798 quale
2270 708 2466 773 etiam
2498 730 2669 773 nunc
2698 708 2827 771 for-

715 835 832 878 san
863 814 1138 879 subinde
1174 813 1361 879 malis
1397 814 1603 899 poetis
1642 813 1943 900 suppetit.
2036 813 2139 877 Ita
2184 834 2311 876 non
2351 812 2603 887 mirum,
2645 810 2821 898 quod

715 936 970 978 carmen
1001 938 1040 979 a
1069 914 1324 978 nemine
1353 914 1625 1001 posthac
1654 915 1911 978 citatur.
2002 912 2244 977 Verum
2282 913 2601 977 excitatur
2636 910 2827 976 Anti-

715 1015 984 1080 machus
1027 1015 1242 1080 adhuc
1283 1014 1354 1079 in
1381 1014 1710 1101 Ἀρτέμιδι,
1740 1016 1808 1078 in
1842 1014 2107 1090 Δέλτοις
2135 1025 2200 1078 et
2226 1015 2493 1102 Ἰαχίνῃ.
2584 1012 2825 1077 Parum

718 1126 928 1180 tamen
965 1116 1046 1181 de
1089 1117 1190 1180 his
1237 1116 1548 1204 explorati
1592 1117 1925 1181 habemus,
2015 1117 2233 1204 Atque
2262 1116 2534 1203 primum
2566 1136 2821 1193 nomen,

715 1238 864 1280 cum
913 1214 1225 1281 Salmasio
1259 1226 1324 1282 et
1363 1216 1665 1282 Berkelio
1706 1241 1835 1293 non
1885 1218 2131 1296 dubito,
2179 1218 2338 1303 quin
2384 1216 2453 1279 in
2494 1214 2824 1303 Stephano

718 1317 882 1404 Byz.
911 1327 1279 1405 corruptum
1311 1319 1462 1398 sit,*
1493 1329 1558 1384 et
1581 1343 1695 1408 pro
1718 1318 2079 1408 Ἀρτέμιδος
2103 1319 2444 1405 legendum
2468 1316 2824 1405 Θηβαΐδος,

714 1422 816 1507 cuj
828 1443 903 1485 us
929 1422 1242 1508 poematis
1271 1431 1338 1486 et
1364 1422 1517 1486 alibi
1543 1421 1964 1487 Ethnicorum
1997 1422 2267 1508 scriptor
2286 1419 2591 1484 meminit.
2640 1418 2823 1511 ‘Nam

714 1544 860 1586 cum
909 1524 1105 1609 paulo
1139 1532 1286 1588 ante
1325 1524 1576 1587 adesset
1615 1522 1941 1610 Ἀρτέμιδι,
1970 1523 2271 1592 facillime
2310 1522 2549 1587 librarii
2598 1523 2825 1587 oculus

715 1624 927 1710 potuit
966 1624 1032 1689 in
1072 1626 1340 1689 eandem
1371 1647 1593 1689 vocem
1623 1625 1851 1689 iterum
1882 1625 2121 1705 delabi,
2155 1633 2268 1689 aut
2297 1625 2489 1689 deleti
2521 1625 2588 1687 in
2617 1625 2824 1689 fronte

715 1726 886 1791 verbi
919 1727 1261 1814 vestigium
1296 1727 1592 1792 lectorem
1622 1726 1819 1791 alium
1854 1748 1966 1791 seu
1996 1735 2413 1793 correctorem
2440 1726 2503 1789 in
2534 1726 2824 1791 fraudem

684 1827 1038 1892 inducere.
1139 1826 1536 1893 Utrumlibet
1580 1828 1801 1915 eligas,
1842 1828 2095 1892 videtur
2136 1829 2275 1893 haec
2311 1827 2587 1892 Artemis
2619 1850 2696 1893 ex
2729 1829 2830 1892 in-

715 1929 858 1993 dice
901 1929 1209 1994 librorum
1249 1931 1692 2016 expungenda.
1790 1930 2103 2008 Alterum,
2145 1932 2319 2016 quod
2355 1930 2511 2009 dixi,
2541 1951 2822 2011 carmen,

719 2030 1003 2107 Δέλτους
1050 2031 1274 2111 (nostri
1317 2032 1475 2095 forte
1512 2031 1798 2095 dicerent
1838 2031 1937 2094 ein
1978 2032 2312 2115 poetisches
2362 2030 2823 2114 Taschenbuch)

714 2132 1071 2197 Athenaeus
1120 2133 1382 2219 quidem
1432 2132 1818 2196 Antimacho
1872 2133 2106 2198 diserte
2164 2134 2408 2211 tribuit,
2459 2134 2825 2201 hexametro

715 2255 904 2297 versu
933 2233 1084 2298 inde
1108 2235 1410 2313 adduct0‚
1440 2233 1532 2297 ita
1561 2242 1796 2312 tamen,
1819 2242 1891 2298 ut
1922 2235 2046 2299 fide
2077 2258 2203 2300 non
2234 2258 2518 2323 prorsum
2544 2248 2717 2302 certa
2740 2238 2820 2302 ad

713 2332 1186 2421 Colophonium
1233 2336 1459 2399 referre
1504 2335 1783 2421 possis.†
1873 2336 1976 2400 De
2018 2338 2262 2426 Ἰαχῖυη
2302 2338 2584 2427 denique
2622 2342 2825 2427 major

715 2456 857 2498 mea
897 2435 1217 2499 dubitatio
1257 2446 1373 2500 est.
1467 2436 1646 2499 Alios
1686 2438 1853 2501 enim
1898 2438 2019 2503 hoc
2054 2442 2314 2505 omnino
2345 2443 2821 2527 praetermittere

711 2536 920 2601 video.
1013 2536 1175 2623 Ejus
1215 2559 1442 2623 nempe
1485 2560 1610 2602 non
1656 2538 1777 2603 nisi
1814 2540 1880 2603 in
1923 2562 2049 2604 uno
2087 2541 2228 2606 loco
2262 2542 2687 2632 Etymologici
2718 2545 2817 2611 M.

714 2640 951 2703 mentio
992 2638 1298 2718 occurrit,
1350 2639 1531 2725 isque
1579 2640 1761 2704 locus
1806 2641 2038 2705 mendo
2092 2664 2218 2707 non
2267 2645 2570 2710 immunis
2622 2647 2816 2713 videri

711 2740 988 2825 potest.‡
1078 2739 1337 2826 Quippe
1378 2761 1459 2805 ne
1501 2740 1801 2806 Graecum
1838 2743 2101 2828 quidem
2143 2744 2302 2810 illud
2341 2770 2571 2812 nomen
2614 2759 2818 2829 sonat,

712 2862 919 2926 neque
943 2864 1089 2906 vero
1113 2841 1269 2905 mihi
1292 2850 1444 2928 apta
1467 2842 1609 2928 ejus
1634 2846 1948 2907 succurrit
1968 2847 2349 2913 emendatio.
2440 2848 2662 2936 Rejeci
2686 2853 2819 2940 ipse

708 2941 971 3027 primae,
1001 2943 1176 3029 quod
1204 2954 1390 3007 antea
1422 2945 1824 3030 conjeceram
1855 2956 1966 3010 aut
1991 2947 2267 3013 luseram
2292 2950 2524 3037 potius,
2552 2953 2819 3043 Ἰναχίη,

711 3042 792 3108 de
827 3042 923 3123 Io,
955 3043 1178 3109 Inachi
1209 3045 1363 3124 filia,
1393 3067 1508 3110 nec
1539 3046 1753 3111 minus
1782 3048 1958 3112 aliud
1987 3050 2252 3139 Ἰχναίη,
2283 3052 2456 3140 quod
2486 3053 2819 3121 Themidis

708 3164 1063 3229 cognomen
1105 3146 1267 3228 est.§
1369 3144 1501 3211 Sed
1549 3148 1653 3211 his
1696 3150 2081 3235 conjecturis
2130 3153 2221 3216 nil
2266 3154 2622 3240 proficitur,
2671 3178 2818 3221 cum

707 3246 900 3309 talem
941 3245 1202 3309 carmini
1252 3246 1735 3335 inscriptionem
1788 3250 1985 3317 fuisse
2032 3253 2291 3318 minime
2338 3256 2666 3342 probabile
2714 3259 2816 3325 sit.

788 3526 820 3559 ⁴*
864 3526 938 3585 V.
971 3525 1066 3584 Fr.
1103 3526 1380 3585 XLVIII.
2012 3588 2019 3595 .

786 3624 823 3685 †
873 3617 1089 3675 Locum
1133 3617 1400 3676 Athenaei
1447 3620 1577 3679 vide
1624 3621 1679 3679 in
1725 3622 1817 3681 Fr.
1873 3625 2089 3687 XLIX.
2194 3630 2294 3701 At,
2354 3630 2400 3690 si
2460 3652 2634 3713 supra
2682 3656 2815 3697 vera

703 3708 925 3779 monui,
963 3708 1184 3767 nudum
1227 3730 1441 3769 nomen
1482 3712 1836 3785 Antimachi‚
1867 3718 1943 3775 ab
1980 3718 2266 3779 Athenaeo
2306 3724 2580 3802 positum,
2618 3738 2815 3789 nostro

700 3818 933 3859 carmen
973 3801 1106 3877 jure
1152 3802 1354 3881 majori
1396 3802 1671 3872 vindicat,
1714 3826 1891 3884 quam
1933 3810 2028 3868 alii
2076 3812 2207 3881 ulli;
2254 3834 2361 3874 nec
2408 3819 2649 3894 reperi0,
2696 3840 2817 3899 qua

703 3891 922 3951 ratione
955 3893 1242 3951 Meursius
1273 3895 1329 3951 in
1361 3894 1514 3966 Bibl.
1549 3896 1653 3954 Gr.
1686 3897 1742 3957 id
1770 3900 1909 3959 Teio
1937 3912 2055 3961 tam
2086 3916 2310 3983 promte
2334 3907 2649 3986 imputarit.

784 3992 810 4055 Ι
857 3983 1008 4042 Dedi
1038 4003 1169 4042 eum
1200 3984 1296 4045 Fr.
1331 3987 1390 4045 L.
1469 4009 1479 4021 ·

782 4082 810 4148 ξ
854 4075 929 4132 V.
961 4075 1034 4135 de
1063 4095 1132 4134 eo
1162 4076 1393 4137 nornine
1423 4079 1615 4139 Strab.
1653 4082 1757 4141 IX.
1790 4103 1846 4161 p.
1880 4086 2018 4145 435.
2050 4089 2240 4164 (665.)
2280 4101 2339 4150 et
2382 4093 2638 4175 Interpp.
2685 4097 2814 4159 He-

697 4166 862 4244 sych.
893 4188 948 4225 v.
976 4168 1228 4248 Ἰχνέμη.
