3125 5009
752 328 865 396 ‘88
1384 338 1828 389 ΑΝΤιΜΑοΗῐ
1877 332 2274 390 REL1QUIAE.

764 546 914 611 quae
956 520 1258 583 Graecum
1306 538 1467 602 opus
1514 536 1641 579 non
1689 514 1900 599 ipsum
1930 507 2234 584 versarat,
2262 506 2328 568 in
2361 502 2576 589 aprico
2618 506 2734 562 est.
2827 494 2880 557 E

762 624 995 689 mutilo
1027 622 1219 685 verbo
1252 619 1411 682 nihil
1441 618 1761 703 exsculpo.

1658 939 1997 1005 XXXIII.

874 1171 1106 1278 Αυταρ
1146 1211 1177 1251 o
1222 1167 1539 1271 Διογενης
1574 1168 1756 1273 ἥρως,
1801 1163 2033 1266 ξανθος
2074 1161 2500 1258 Πολυνείκης,

878 1287 1133 1391 Πρωτα
1160 1281 1279 1392 μὲν
1321 1277 1647 1363 Οἶδιποὸι
1688 1275 1903 1371 καλην
1944 1272 2272 1380 παρεθηκε
2315 1268 2676 1381 τράπεζαν

872 1392 1217 1501 Ἀργυρεην
1259 1390 1560 1501 Κάδμοιο
1588 1383 2212 1496 Se5cppovoc·oeti·1·02p
2255 1382 2512 1465 ἔπειτα

872 1505 1156 1612 Χρυσεον
1194 1503 1554 1614 εμπλησεν
1596 1500 1805 1584 καλου
1846 1496 2074 1589 δέπας
2111 1494 2295 1592 ἦὸεος
2333 1492 2520 1577 οἴνου.

870 1618 1105 1723 Aua-dp
1146 1616 1253 1718 ὅγ’
1294 1655 1377 1707 ως
1408 1611 1652 1719 ἔφραῖὃη
1693 1646 2167 1718 παρακειμενα
2208 1646 2470 1712 vom-poc
2500 1610 2620 1688 ἑοῖο

872 1728 1225 1868 Τιμῆεντα,
1263 1765 1456 1833 γερα,
1495 1762 1693 1835 μεγα
1725 1727 1782 1805 οἷ
1822 1760 2029 1804 κακον
2071 1719 2339 1829 ἕμπεσε
2380 1719 2604 1827 θυμῷ.

868 1836 1072 1943 Αιψα
1112 1836 1183 1921 δὲ
1226 1876 1465 1921 ‘traco-cv
1507 1839 1665 1917 ἑοῖο-ι
1705 1838 1860 1945 μετ’
1901 1830 2368 1973 οἷμφοτεροισιν
2410 1831 2518 1912 ἐπ’
2559 1826 2730 1934 αἷροὶς

863 1948 1256 2055 Ἀργαλεας
1293 1952 1522 2056 ἦρατο·
1587 1946 1771 2055 (θεον
1813 1944 1873 2027 δ’
1905 1982 1970 2026 ου
2013 1942 2280 2024 λανθαν’
2311 1944 2606 2047 Ἐριννῧν
2614 1943 2642 2046 )

864 2062 1006 2152 Ως
1045 2099 1175 2164 ουχ
1216 2063 1275 2141 οἵ
1314 2058 1611 2203 ‘na-teque}
1647 2060 1718 2161 ’γ’
1761 2056 1843 2139 ἔνι
1888 2054 2201 2156 φιλότητι
2242 2052 2588 2145 ὃασαιντο,

861 2171 1329 2290 Ἀμφοτεροισι
1372 2170 1433 2252 δ’
1475 2170 1581 2253 οἷει
1625 2207 1743 2253 ειεν
1785 2168 2086 2276 πολεμοί
2119 2202 2194 2247 τε
2232 2204 2473 2275 paxae
2516 2202 2614 2245 τε.

754 2406 1167 2471 ATHENAEUS
1203 2405 1322 2470 XI.
1356 2428 1419 2493 p.
1452 2406 1599 2469 465.
1637 2403 1707 2467 F.
1799 2402 1873 2468 ‘0
1923 2401 2232 2477 Οἰδίπους
2262 2399 2336 2467 δι’
2368 2403 2692 2485 ἐκπώματα
2730 2409 2868 2477 τοῖς

756 2512 921 2584 υἱοῖς
974 2506 1385 2595 κατηράσατο,
1439 2509 1527 2583 ὡς
1576 2511 1612 2571 ὁ
1658 2509 1774 2583 τὴν
1820 2504 2114 2580 κυκλικὴν
2170 2501 2468 2589 Θηβαΐδα
2513 2506 2868 2581 πεποιηκὼς

756 2616 970 2696 φησὶν,
1004 2614 1095 2676 ὅτι
1139 2612 1307 2695 αὐτῷ
1348 2606 1702 2695 παρέθηκαν
1744 2608 2086 2691 ἐκπώματα,
2119 2603 2158 2691 ἃ
2189 2605 2619 2691 ἀπηγορεύκει,
2650 2605 2862 2692 λέγων

749 2712 971 2787 οὕτως·
1025 2714 1240 2799 Αὐτὰρ
1270 2742 1322 2779 κ.
1355 2712 1418 2777 λ.
1469 2710 1724 2775 Diserte
1754 2710 1974 2797 itaque
2001 2708 2430 2794 fragmentum
2449 2708 2527 2772 ad
2552 2707 2863 2793 cyclicam

747 2812 1141 2879 Thebaidem
1172 2814 1253 2877 ab
1283 2814 1598 2878 Athenaeo
1630 2813 1915 2891 refertur,
1949 2810 2118 2875 unde
2147 2809 2412 2889 mireriS‚
2441 2832 2556 2875 cur
2585 2808 2866 2875 Valcke-

748 2916 981 2980 naerius
1011 2918 1091 2981 ad
1121 2916 1352 2981 Phoen.
1389 2939 1451 3002 p.
1482 2917 1586 2979 25.
1618 2914 1779 2978 illud
1803 2912 2193 2977 Antimacho
2223 2922 2468 2998 promte
2491 2908 2864 2999 assignarit,

744 3016 945 3104 idque
976 3041 1053 3083 eo
1080 3019 1242 3098 loco,
1265 3019 1377 3082 ubi
1410 3017 1609 3083 nostri
1632 3015 2024 3082 Thebaidem
2049 3038 2087 3080 a
2109 3016 2357 3101 cyclica
2387 3016 2622 3079 distare
2653 3016 2861 3081 docet.

748 3118 922 3182 Num
955 3120 1205 3206 putavit
1235 3120 1362 3199 ille,
1393 3141 1542 3183 cum
1575 3141 1798 3183 versus
1827 3118 1893 3198 ii,
1913 3140 2073 3206 quos
2111 3118 2334 3181 itidem
2362 3141 2398 3182 e
2428 3118 2674 3203 cyclica
2695 3117 2863 3183 The-

744 3220 931 3285 baide
974 3220 1185 3286 Schol.
1219 3219 1531 3307 Sopho.
1566 3220 1644 3283 G.
1683 3221 1868 3284 1:371.
1901 3220 2144 3301 laudat,
2173 3220 2428 3284 diversa
2468 3220 2550 3283 ab
2592 3220 2693 3283 his
2727 3243 2862 3284 ver-

742 3322 922 3387 sibus
954 3325 1034 3387 de
1066 3322 1291 3409 OEdipi
1323 3322 1478 3387 diris
1510 3331 1788 3403 narrent,
1819 3322 1911 3389 ita
1951 3333 2288 3409 utramque
2319 3322 2743 3387 narrationem
2772 3324 2856 3388 ad

744 3447 943 3488 unum
973 3446 1227 3489 carmen
1258 3426 1568 3512 pertinere
1599 3448 1726 3490 non
1759 3426 1987 3513 posse?
2077 3425 2168 3489 At
2197 3426 2318 3489 hoc
2349 3426 2563 3490 nescio
2593 3448 2677 3489 an
2703 3447 2859 3491 con-

741 3535 840 3590 tra
869 3527 1108 3592 diserta
1138 3528 1332 3593 verba
1358 3528 1654 3592 Athenaei
1685 3528 1842 3592 satis
1871 3528 2102 3608 valeat,
2135 3538 2200 3592 et
2231 3530 2452 3614 utique
2483 3529 2629 3615 plus
2659 3530 2858 3594 semel

741 3629 911 3693 mala
957 3650 1144 3715 prece
1202 3628 1368 3693 filios
1420 3629 1724 3694 detestari
1773 3627 2054 3717 OEdipus
2103 3631 2333 3717 potuit,
2384 3652 2592 3718 neque
2651 3633 2857 3719 major

740 3729 852 3793 illa
892 3730 1225 3795 diversitas
1264 3739 1385 3795 est.
1478 3731 1797 3795 Praeterea
1839 3752 1964 3794 non
2007 3730 2214 3810 vide0,
2245 3755 2392 3819 quae
2432 3754 2629 3797 causa
2652 3736 2858 3821 potis-

740 3830 974 3895 simum
1016 3831 1138 3897 hoc
1178 3832 1632 3918 fragmentum,
1675 3854 1803 3897 non
1849 3834 2120 3898 alterum
2168 3856 2268 3920 ap.
2303 3833 2602 3921 Sophocl.
2635 3835 2850 3902 Schol.

740 3931 1129 3996 Antimacho
1154 3933 1454 3999 vindicet.
1547 3934 1651 3999 Ita
1675 3934 1856 4014 forte,
1882 3935 2002 3999 nisi
2029 3958 2196 3999 error
2218 3937 2458 4016 subest,
2475 3938 2592 4002 viri
2616 3942 2851 4004 summi

740 4043 977 4112 notam,
1006 4035 1249 4100 centies
1279 4036 1527 4115 lectam,
1558 4060 1688 4102 non
1731 4038 1890 4101 satis
1937 4038 2255 4125 intellig03
2306 4040 2591 4127 adeoque
2626 4064 2852 4107 versus

740 4134 846 4200 hic
878 4157 1195 4222 apponere
1230 4139 1445 4203 malui.
1540 4139 1913 4208 Orationem
1956 4141 2002 4204 ii
2043 4140 2282 4205 habent
2309 4142 2666 4209 Homericae
2697 4167 2854 4210 con-
