3125 5009
1186 364 1541 416 TnEssAls.
2325 358 2418 427 63

310 504 471 567 male
503 506 697 593 vulgo
740 508 1027 574 scribunt
1068 514 1261 577 etiam
1306 513 1642 603 Bipontini
1688 520 2419 612 editore8.—‘Hvep6eec‚

309 606 371 671 h.
405 629 459 671 e.
502 608 699 690 altus,
726 610 853 675 fere
888 613 981 677 nil
1020 614 1143 679 nisi
1184 617 1365 681 collis
1406 640 1519 684 seu
1558 623 1792 687 montis
1833 625 2158 711 epitheton
2205 652 2424 718 perpe-

306 719 490 776 tuum
521 711 588 775 in
620 712 918 779 Homero.
1006 714 1133 781 Sed
1162 718 1320 783 ohe!
1365 720 1446 785 de
1474 723 1698 809 exiguo
1739 726 1903 791 colle
1937 722 2080 814 jam'
2109 732 2265 797 satis
2294 743 2417 811 est,

304 812 443 877 Cur
461 814 821 901 fragmento
843 817 1016 883 hunc
1047 819 1259 885 locum
1284 821 1592 905 dederim,
1616 842 1766 891 mox
1791 830 2206 897 manifestum
2236 836 2374 900 erit.

1296 1214 1421 1279 111.

524 1452 793 1534 Οὕνεκά
828 1456 887 1534 οἷ
920 1453 1249 1561 Κρονίδης,
1286 1460 1370 1550 ὦς
1404 1456 1602 1569 μέγα
1641 1462 1914 1547 πάντων
1943 1468 2254 1566 αἱμάσσει,

514 1562 789 1671 ''Am-pov
830 1564 914 1647 ἐνὶ
948 1575 1109 1653 ow&
1138 1568 1557 1680 τευμῆσατο,
1589 1576 1918 1683 τοφράκεν
1948 1579 2043 1679 εἴη

427 1675 437 1683 ’
521 1677 816 1771 Φοίνικος
853 1677 1054 1785 κούρα
1094 1681 1538 1792 κεκευθμὲνα.
1643 1685 1785 1781 “Oq
1812 1694 1900 1807 ῥα
1925 1693 2022 1802 μή
2060 1734 2164 1789 τις·

518 1786 705 1886 Μηδὲ
736 1792 907 1871 32ch
938 1788 1159 1885 ἄλλος
1186 1829 1269 1895 γε
1302 1794 1525 1902 πάρεξ
1554 1798 1811 1905 φράσαι
1847 1804 1926 1885 τό
1948 1843 2057 1887 κεν
2088 1810 2319 1893 αὐτοῦ.

290 2057 558 2123 STEPH.
606 2057 785 2124 BYZ.
834 2062 1221 2145 Τευμησσὸς,
1262 2064 1420 2148 ὄρος
1462 2071 1786 2145 Βοιωτίας.
1865 2068 2174 2161 ’Ὀμηρος,
2213 2080 2281 2145 ἐν
2321 2090 2412 2167 τῷ

287 2166 377 2237 εἷς
404 2161 793 2228 Ἀπόλλωνα
830 2161 1025 2248 ὕμνῳ·
1074 2167 1189 2239 Εἰς
1234 2164 1670 2244 Μυκάλησσον
1713 2173 1850 2251 idm,
1891 2178 1989 2239 καὶ
2033 2182 2403 2263 Τευμησσὸν

287 2262 649 2352 λεχεποίην.
697 2262 833 2343 (Sic
854 2264 1008 2328 ordo
1033 2262 1095 2327 in
1117 2265 1325 2329 verbis
1352 2264 1577 2354 Steph.
1604 2271 2114 2343 constituendus.
2159 2278 2404 2348 Versus

287 2375 389 2429 est
422 2364 660 2452 Hymn.
693 2366 760 2428 in
790 2365 1000 2453 Apoll.
1031 2367 1213 2447 224.)
1289 2366 1514 2448 Ἀστυ,
1548 2374 1637 2448 ὡς
1669 2380 2085 2460 Δημοσθένης
2118 2382 2185 2448 ἔν
2217 2389 2407 2473 τρίτῳ

290 2471 681 2535 Βιθυνιακῶν
708 2468 990 2546 Ἐκλήθη
1024 2466 1077 2536 δ’
1096 2470 1321 2550 οὕτως,
1352 2474 1441 2548 ὡς
1470 2473 1861 2563 Ἀντίμαχος·
1888 2483 2116 2568 πρώτῳ
2159 2483 2406 2571 Θηβαΐ-

284 2568 417 2647 δος·
482 2573 723 2639 Οὕνεκα
754 2601 807 2637 κ.
840 2602 892 2638 τ.
925 2572 989 2638 λ.
1027 2571 1376 2656 (Videntur
1405 2584 1618 2639 tamen
1651 2588 1717 2641 et
1747 2578 1885 2643 haec
1927 2582 2006 2645 ad
2036 2584 2245 2670 priora
2272 2611 2404 2654 non

284 2674 364 2737 ad
394 2673 551 2739 ἄστυ
583 2673 909 2737 referenda
948 2680 1135 2753 esse.)
1224 2679 1302 2741 Oi
1346 2683 1794 2759 κατοικοῦντες,
1837 2688 2187 2767 Τενμήσιοι.
2279 2696 2402 2757 Καὶ

286 2780 595 2860 Τευμησία
626 2778 663 2851 ἡ
694 2774 979 2855 ἀλώπηξ,
1010 2776 1138 2843 α’πὸ
1167 2783 1280 2843 τοῦ
1311 2779 1527 2864 ὄρους.
1621 2786 1742 2847 Καὶ
1771 2782 1843 2849 τὸ
1873 2780 2222 2872 οὐδέτερον,
2253 2798 2404 2857 Τευ-

276 2879 556 2959 μήσειον.
649 2881 769 2942 Καὶ
813 2879 885 2944 τὸ
930 2880 994 2944 ἐκ
1032 2880 1256 2958 τόπου,
1288 2882 1752 2964 Τευμησσόθεν·
1795 2888 1893 2950 καὶ
1931 2885 2004 2952 τὸ
2046 2891 2134 2963 εἷς
2177 2892 2403 2975 τόπον,

284 2976 736 3062 Τενμησσόνὸε.
830 2978 1222 3069 Ἀντίμαχος
1251 2982 1319 3050 ἐν
1346 2985 1575 3069 πρώτῳ
1607 2981 1957 3069 Θηβαΐδος.
2031 2986 2264 3056 Omnis
2293 2993 2399 3061 hic

275 3080 455 3144 locus
492 3080 583 3143 ita
618 3090 721 3146 est
758 3080 1050 3163 affectuS,
1091 3094 1183 3164 ut,
1222 3086 1549 3171 duplexne
1588 3086 1674 3151 sit
1712 3087 2079 3155 Antimachi
2129 3097 2396 3179 menti0‚

278 3206 359 3247 an
407 3207 555 3263 una,
599 3185 707 3249 vix
754 3185 914 3250 bene
964 3186 1233 3250 divinari
1278 3187 1487 3266 liceat,
1531 3209 1650 3252 nec
1695 3188 1762 3253 id
1805 3192 2168 3280 perquirere
2212 3200 2398 3267 valde

275 3309 481 3375 operae
504 3296 621 3353 est.
714 3288 919 3353 Modo
948 3287 1075 3377 ipsi
1115 3298 1323 3375 poetae
1354 3310 1576 3355 versus
1605 3312 1731 3355 non
1763 3301 1898 3359 tam
1929 3296 2153 3363 misere
2184 3314 2398 3369 essent

274 3390 725 3454 contaminati!
838 3388 1067 3478 Neque
1125 3392 1398 3456 multum
1456 3393 1815 3480 expediunt
1872 3394 2175 3485 Interpp.‚
2227 3425 2395 3491 quos

276 3496 443 3573 vide,
462 3494 513 3558 si
539 3494 735 3558 lubet.
786 3493 1073 3557 Primum
1092 3492 1160 3556 hi
1181 3516 1423 3573 verene,
1446 3496 1722 3560 nominis
1738 3495 2066 3563 Teumessi
2084 3502 2392 3570 rationem

275 3596 633 3673 reddentes,
656 3596 912 3683 qualem
938 3606 1118 3659 vetus
1148 3596 1425 3660 narratio
1456 3597 1555 3660 vel
1585 3596 1807 3661 fabula
1835 3599 2224 3686 prodiderat,
2251 3605 2396 3670 nul-

270 3698 409 3763 lum
448 3699 575 3763 fere
615 3696 887 3762 dubium
929 3707 1050 3778 est,
1084 3698 1238 3785 quin
1283 3699 1499 3763 sedem
1538 3721 1724 3764 suam
1753 3702 1972 3765 eodem
2004 3703 2070 3767 in
2101 3704 2241 3771 loco
2278 3708 2393 3775 ha-

268 3801 543 3881 buerint,
592 3800 703 3866 ubi
764 3800 1130 3887 praecedens
1178 3799 1431 3888 Fragm.
1522 3800 1771 3866 Nomen
1823 3824 1974 3890 ergo
2033 3808 2179 3872 colli
2241 3810 2390 3878 inde

271 3914 514 3984 natum,
554 3905 777 3971 οὕνεκα
826 3900 1145 3990 Κρονίδης
1186 3902 1422 3990 ἄντρον
1457 3908 1802 3989 τευμήσατο
1845 3910 1927 3984 οἶ,
1971 3928 2093 3972 non
2135 3909 2274 3991 sibi,
2319 3926 2391 3979 ut

270 4008 435 4071 male
462 4016 735 4087 vertunt,
758 4007 866 4071 sed
907 4004 1178 4091 Europae
1207 4028 1247 4069 a
1278 4027 1339 4069 se
1369 4016 1586 4091 raptae,
1604 4028 1799 4094 quam
1832 4007 2162 4075 Phoenicis
2191 4013 2388 4081 filiam

273 4120 459 4196 poeta
486 4109 665 4189 dicit,
698 4108 1048 4175 Homerum
1094 4121 1407 4197 sequutus
1453 4110 1530 4174 ΙΙ.
1569 4108 1628 4185 ἔ.
1653 4110 1801 4173 321.
1836 4134 1893 4175 v.
1924 4111 2220 4198 Apollod.
2254 4116 2386 4200 111,

280 4236 323 4279 ι.
362 4233 408 4277 1.
442 4212 657 4299 ibique
691 4210 790 4275 ΙΙΙ.
826 4212 1033 4300 Heyn.
1125 4218 1485 4299 Τευμήσατο
1525 4213 1782 4293 struxit,
1807 4215 2093 4300 paravit,
2123 4221 2382 4287 verbum
